@article{Behr:2015oqq,
      author         = "Behr, J. Katharina and Bortoletto, Daniela and Frost,
                        James A. and Hartland, Nathan P. and Issever, Cigdem and
                        Rojo, Juan",
      title          = "{Boosting Higgs pair production in the $b\bar{b}b\bar{b}$
                        final state with multivariate techniques}",
      journal        = "Eur. Phys. J.",
      volume         = "C76",
      year           = "2016",
      number         = "7",
      pages          = "386",
      doi            = "10.1140/epjc/s10052-016-4215-5",
      eprint         = "1512.08928",
      archivePrefix  = "arXiv",
      primaryClass   = "hep-ph",
      reportNumber   = "OUTP-15-14P",
      SLACcitation   = "%%CITATION = ARXIV:1512.08928;%%"
}

@article{Ellis:2018gqa,
      author         = "Ellis, John and Murphy, Christopher W. and Sanz,
                        Ver\'{o}nica and You, Tevong",
      title          = "{Updated Global SMEFT Fit to Higgs, Diboson and
                        Electroweak Data}",
      journal        = "JHEP",
      volume         = "06",
      year           = "2018",
      pages          = "146",
      doi            = "10.1007/JHEP06(2018)146",
      eprint         = "1803.03252",
      archivePrefix  = "arXiv",
      primaryClass   = "hep-ph",
      SLACcitation   = "%%CITATION = ARXIV:1803.03252;%%"
}

@article{Grzadkowski:2010es,
      author         = "Grzadkowski, B. and Iskrzynski, M. and Misiak, M. and
                        Rosiek, J.",
      title          = "{Dimension-Six Terms in the Standard Model Lagrangian}",
      journal        = "JHEP",
      volume         = "10",
      year           = "2010",
      pages          = "085",
      doi            = "10.1007/JHEP10(2010)085",
      eprint         = "1008.4884",
      archivePrefix  = "arXiv",
      primaryClass   = "hep-ph",
      reportNumber   = "IFT-9-2010, TTP10-35",
      SLACcitation   = "%%CITATION = ARXIV:1008.4884;%%"
}

@article{Cirigliano:2009wk,
      author         = "Cirigliano, Vincenzo and Jenkins, James and
                        Gonzalez-Alonso, Martin",
      title          = "{Semileptonic decays of light quarks beyond the Standard
                        Model}",
      journal        = "Nucl. Phys.",
      volume         = "B830",
      year           = "2010",
      pages          = "95-115",
      doi            = "10.1016/j.nuclphysb.2009.12.020",
      eprint         = "0908.1754",
      archivePrefix  = "arXiv",
      primaryClass   = "hep-ph",
      reportNumber   = "FTUV-09-0720, IFIC-09-33, LA-UR-09-03949",
      SLACcitation   = "%%CITATION = ARXIV:0908.1754;%%"
}

@article{Alonso:2013hga,
      author         = "Alonso, Rodrigo and Jenkins, Elizabeth E. and Manohar,
                        Aneesh V. and Trott, Michael",
      title          = "{Renormalization Group Evolution of the Standard Model
                        Dimension Six Operators III: Gauge Coupling Dependence and
                        Phenomenology}",
      journal        = "JHEP",
      volume         = "04",
      year           = "2014",
      pages          = "159",
      doi            = "10.1007/JHEP04(2014)159",
      eprint         = "1312.2014",
      archivePrefix  = "arXiv",
      primaryClass   = "hep-ph",
      reportNumber   = "CERN-PH-TH-2013-305",
      SLACcitation   = "%%CITATION = ARXIV:1312.2014;%%"
}

@article{AguilarSaavedra:2018nen,
      author         = "Barducci, D. and others",
      editor         = "Aguilar-Saavedra, J. A. and Degrande, C. and Durieux, G.
                        and Maltoni, F. and Vryonidou, E. and Zhang, C.",
      title          = "{Interpreting top-quark LHC measurements in the
                        standard-model effective field theory}",
      year           = "2018",
      eprint         = "1802.07237",
      archivePrefix  = "arXiv",
      primaryClass   = "hep-ph",
      reportNumber   = "CERN-LPCC-2018-01",
      SLACcitation   = "%%CITATION = ARXIV:1802.07237;%%"
}

@article{Buckley:2016cfg,
      author         = "Buckley, Andy and Englert, Christoph and Ferrando, James
                        and Miller, David J. and Moore, Liam and NÃ¶rdstrom, Karl
                        and Russell, Michael and White, Chris D.",
      title          = "{Results from TopFitter}",
      booktitle      = "{Proceedings, 9th International Workshop on the CKM
                        Unitarity Triangle (CKM2016): Mumbai, India, November
                        28-December 3, 2016}",
      journal        = "PoS",
      volume         = "CKM2016",
      year           = "2016",
      pages          = "127",
      eprint         = "1612.02294",
      archivePrefix  = "arXiv",
      primaryClass   = "hep-ph",
      SLACcitation   = "%%CITATION = ARXIV:1612.02294;%%"
}

@article{Buckley:2015lku,
      author         = "Buckley, Andy and Englert, Christoph and Ferrando, James
                        and Miller, David J. and Moore, Liam and Russell, Michael
                        and White, Chris D.",
      title          = "{Constraining top quark effective theory in the LHC Run
                        II era}",
      journal        = "JHEP",
      volume         = "04",
      year           = "2016",
      pages          = "015",
      doi            = "10.1007/JHEP04(2016)015",
      eprint         = "1512.03360",
      archivePrefix  = "arXiv",
      primaryClass   = "hep-ph",
      SLACcitation   = "%%CITATION = ARXIV:1512.03360;%%"
}

@article{Berthier:2016tkq,
      author         = "Berthier, Laure and Bjorn, Mikkel and Trott, Michael",
      title          = "{Incorporating doubly resonant $W^\pm$ data in a global
                        fit of SMEFT parameters to lift flat directions}",
      journal        = "JHEP",
      volume         = "09",
      year           = "2016",
      pages          = "157",
      doi            = "10.1007/JHEP09(2016)157",
      eprint         = "1606.06693",
      archivePrefix  = "arXiv",
      primaryClass   = "hep-ph",
      SLACcitation   = "%%CITATION = ARXIV:1606.06693;%%"
}

@article{Brivio:2017vri,
      author         = "Brivio, Ilaria and Trott, Michael",
      title          = "{The Standard Model as an Effective Field Theory}",
      year           = "2017",
      eprint         = "1706.08945",
      archivePrefix  = "arXiv",
      primaryClass   = "hep-ph",
      SLACcitation   = "%%CITATION = ARXIV:1706.08945;%%"
}

@article{Brivio:2017btx,
      author         = "Brivio, Ilaria and Jiang, Yun and Trott, Michael",
      title          = "{The SMEFTsim package, theory and tools}",
      journal        = "JHEP",
      volume         = "12",
      year           = "2017",
      pages          = "070",
      doi            = "10.1007/JHEP12(2017)070",
      eprint         = "1709.06492",
      archivePrefix  = "arXiv",
      primaryClass   = "hep-ph",
      SLACcitation   = "%%CITATION = ARXIV:1709.06492;%%"
}

@article{Murphy:2017omb,
      author         = "Murphy, Christopher W.",
      title          = "{Statistical approach to Higgs boson couplings in the
                        standard model effective field theory}",
      journal        = "Phys. Rev.",
      volume         = "D97",
      year           = "2018",
      number         = "1",
      pages          = "015007",
      doi            = "10.1103/PhysRevD.97.015007",
      eprint         = "1710.02008",
      archivePrefix  = "arXiv",
      primaryClass   = "hep-ph",
      SLACcitation   = "%%CITATION = ARXIV:1710.02008;%%"
}

@misc{otto:talk,
  author    = "Eberhardt, Otto",
  title = {{Global constraints on the dimension-6 Standard Model Effective Field Theory}},
  howpublished = {\url{https://indico.cern.ch/event/686555/contributions/2970902/attachments/1681242/2701120/927_Eberhardt_Global_constraints_on_the_dim-6_SMEFT.pdf}},
}

@article{Ciuchini:2013pca,
      author         = "Ciuchini, Marco and Franco, Enrico and Mishima, Satoshi
                        and Silvestrini, Luca",
      title          = "{Electroweak Precision Observables, New Physics and the
                        Nature of a 126 GeV Higgs Boson}",
      journal        = "JHEP",
      volume         = "08",
      year           = "2013",
      pages          = "106",
      doi            = "10.1007/JHEP08(2013)106",
      eprint         = "1306.4644",
      archivePrefix  = "arXiv",
      primaryClass   = "hep-ph",
      SLACcitation   = "%%CITATION = ARXIV:1306.4644;%%"
}

@article{deBlas:2016ojx,
      author         = "de Blas, Jorge and Ciuchini, Marco and Franco, Enrico and
                        Mishima, Satoshi and Pierini, Maurizio and Reina, Laura
                        and Silvestrini, Luca",
      title          = "{Electroweak precision observables and Higgs-boson signal
                        strengths in the Standard Model and beyond: present and
                        future}",
      journal        = "JHEP",
      volume         = "12",
      year           = "2016",
      pages          = "135",
      doi            = "10.1007/JHEP12(2016)135",
      eprint         = "1608.01509",
      archivePrefix  = "arXiv",
      primaryClass   = "hep-ph",
      reportNumber   = "KEK-TH-1919",
      SLACcitation   = "%%CITATION = ARXIV:1608.01509;%%"
}

@article{ALEPH:2005ab,
      author         = "Schael, S. and others",
      title          = "{Precision electroweak measurements on the $Z$
                        resonance}",
      collaboration  = "SLD Electroweak Group, DELPHI, ALEPH, SLD, SLD Heavy
                        Flavour Group, OPAL, LEP Electroweak Working Group, L3",
      journal        = "Phys. Rept.",
      volume         = "427",
      year           = "2006",
      pages          = "257-454",
      doi            = "10.1016/j.physrep.2005.12.006",
      eprint         = "hep-ex/0509008",
      archivePrefix  = "arXiv",
      primaryClass   = "hep-ex",
      reportNumber   = "SLAC-R-774",
      SLACcitation   = "%%CITATION = HEP-EX/0509008;%%"
}

@article{Aaltonen:2013iut,
      author         = "Aaltonen, Timo Antero and others",
      title          = "{Combination of CDF and D0 $W$-Boson Mass Measurements}",
      collaboration  = "CDF, D0",
      journal        = "Phys. Rev.",
      volume         = "D88",
      year           = "2013",
      number         = "5",
      pages          = "052018",
      doi            = "10.1103/PhysRevD.88.052018",
      eprint         = "1307.7627",
      archivePrefix  = "arXiv",
      primaryClass   = "hep-ex",
      reportNumber   = "FERMILAB-PUB-13-289-E",
      SLACcitation   = "%%CITATION = ARXIV:1307.7627;%%"
}

@article{Aaboud:2017svj,
      author         = "Aaboud, Morad and others",
      title          = "{Measurement of the $W$-boson mass in pp collisions at
                        $\sqrt{s}=7$ TeV with the ATLAS detector}",
      collaboration  = "ATLAS",
      journal        = "Eur. Phys. J.",
      volume         = "C78",
      year           = "2018",
      number         = "2",
      pages          = "110",
      doi            = "10.1140/epjc/s10052-017-5475-4",
      eprint         = "1701.07240",
      archivePrefix  = "arXiv",
      primaryClass   = "hep-ex",
      reportNumber   = "CERN-EP-2016-305",
      SLACcitation   = "%%CITATION = ARXIV:1701.07240;%%"
}

@article{Hays:2290628,
      author        = "Hays, Chris and Sanz Gonzalez, Ver\'{o}nica and Zemaityte,
                       Gabija",
      title         = "{Constraining EFT parameters using simplified template
                       cross sections}",
      month         = "Oct",
      year          = "2017",
      reportNumber  = "LHCHXSWG-INT-2017-001",
      url           = "https://cds.cern.ch/record/2290628",
}


@article{Schael:2013ita,
      author         = "Schael, S. and others",
      title          = "{Electroweak Measurements in Electron-Positron Collisions
                        at W-Boson-Pair Energies at LEP}",
      collaboration  = "DELPHI, OPAL, LEP Electroweak, ALEPH, L3",
      journal        = "Phys. Rept.",
      volume         = "532",
      year           = "2013",
      pages          = "119-244",
      doi            = "10.1016/j.physrep.2013.07.004",
      eprint         = "1302.3415",
      archivePrefix  = "arXiv",
      primaryClass   = "hep-ex",
      reportNumber   = "CERN-PH-EP-2013-022",
      SLACcitation   = "%%CITATION = ARXIV:1302.3415;%%"
}

@article{Khachatryan:2016vau,
      author         = "Aad, Georges and others",
      title          = "{Measurements of the Higgs boson production and decay rates and constraints on its couplings from a combined ATLAS and CMS analysis of the LHC pp collision data at $\sqrt{s}=7 $ and 8 TeV}",
      collaboration  = "ATLAS, CMS",
      journal        = "JHEP",
      volume         = "08",
      year           = "2016",
      pages          = "045",
      doi            = "10.1007/JHEP08(2016)045",
      eprint         = "1606.02266",
      archivePrefix  = "arXiv",
      primaryClass   = "hep-ex",
      reportNumber   = "CERN-EP-2016-100, ATLAS-HIGG-2015-07, CMS-HIG-15-002",
      SLACcitation   = "%%CITATION = ARXIV:1606.02266;%%"
}

@article{Aad:2015gba,
      author         = "Aad, Georges and others",
      title          = "{Measurements of the Higgs boson production and decay
                        rates and coupling strengths using pp collision data at
                        $\sqrt{s}=7$ and 8 TeV in the ATLAS experiment}",
      collaboration  = "ATLAS",
      journal        = "Eur. Phys. J.",
      volume         = "C76",
      year           = "2016",
      number         = "1",
      pages          = "6",
      doi            = "10.1140/epjc/s10052-015-3769-y",
      eprint         = "1507.04548",
      archivePrefix  = "arXiv",
      primaryClass   = "hep-ex",
      reportNumber   = "CERN-PH-EP-2015-125",
      SLACcitation   = "%%CITATION = ARXIV:1507.04548;%%"
}

@article{Achard:2004zw,
      author         = "Achard, P. and others",
      title          = "{Measurement of the cross section of W-boson pair
                        production at LEP}",
      collaboration  = "L3",
      journal        = "Phys. Lett.",
      volume         = "B600",
      year           = "2004",
      pages          = "22-40",
      doi            = "10.1016/j.physletb.2004.08.060",
      eprint         = "hep-ex/0409016",
      archivePrefix  = "arXiv",
      primaryClass   = "hep-ex",
      reportNumber   = "CERN-PH-EP-2004-026",
      SLACcitation   = "%%CITATION = HEP-EX/0409016;%%"
}

@article{Abbiendi:2007rs,
      author         = "Abbiendi, G. and others",
      title          = "{Measurement of the e+ e- $\rightarrow$ W+ W- cross section and W
                        decay branching fractions at LEP}",
      collaboration  = "OPAL",
      journal        = "Eur. Phys. J.",
      volume         = "C52",
      year           = "2007",
      pages          = "767-785",
      doi            = "10.1140/epjc/s10052-007-0442-0",
      eprint         = "0708.1311",
      archivePrefix  = "arXiv",
      primaryClass   = "hep-ex",
      reportNumber   = "CERN-PH-EP-2007-027, OPAL-PR-424",
      SLACcitation   = "%%CITATION = ARXIV:0708.1311;%%"
}

@article{Heister:2004wr,
      author         = "Heister, A. and others",
      title          = "{Measurement of W-pair production in e+ e- collisions at
                        centre-of-mass energies from 183-GeV to 209-GeV}",
      collaboration  = "ALEPH",
      journal        = "Eur. Phys. J.",
      volume         = "C38",
      year           = "2004",
      pages          = "147-160",
      doi            = "10.1140/epjc/s2004-02048-3",
      reportNumber   = "CERN-PH-EP-2004-012",
      SLACcitation   = "%%CITATION = EPHJA,C38,147;%%"
}

@article{Aaboud:2017qkn,
      author         = "Aaboud, Morad and others",
      title          = "{Measurement of the $W^+W^-$ production cross section in
                        $pp$ collisions at a centre-of-mass energy of $\sqrt{s}$ =
                        13 TeV with the ATLAS experiment}",
      collaboration  = "ATLAS",
      journal        = "Phys. Lett.",
      volume         = "B773",
      year           = "2017",
      pages          = "354-374",
      doi            = "10.1016/j.physletb.2017.08.047",
      eprint         = "1702.04519",
      archivePrefix  = "arXiv",
      primaryClass   = "hep-ex",
      reportNumber   = "CERN-EP-2016-267",
      SLACcitation   = "%%CITATION = ARXIV:1702.04519;%%"
}

@article{Sirunyan:2018mvw,
      author         = "Sirunyan, Albert M and others",
      title          = "{Search for $\mathrm{t\overline{t}}$H production in the
                        $H\to\mathrm{b\overline{b}}$ decay channel with leptonic
                        $\mathrm{t\overline{t}}$ decays in proton-proton
                        collisions at $\sqrt{s}=$ 13 TeV}",
      collaboration  = "CMS",
      year           = "2018",
      eprint         = "1804.03682",
      archivePrefix  = "arXiv",
      primaryClass   = "hep-ex",
      reportNumber   = "CMS-HIG-17-026, CERN-EP-2018-065, CMS-HIG-17-026,
                        CERN-EP-2018-065",
      SLACcitation   = "%%CITATION = ARXIV:1804.03682;%%"
}

@article{Sirunyan:2017elk,
      author         = "Sirunyan, Albert M and others",
      title          = "{Evidence for the Higgs boson decay to a bottom
                        quark?antiquark pair}",
      collaboration  = "CMS",
      journal        = "Phys. Lett.",
      volume         = "B780",
      year           = "2018",
      pages          = "501-532",
      doi            = "10.1016/j.physletb.2018.02.050",
      eprint         = "1709.07497",
      archivePrefix  = "arXiv",
      primaryClass   = "hep-ex",
      reportNumber   = "CMS-HIG-16-044, CERN-EP-2017-233",
      SLACcitation   = "%%CITATION = ARXIV:1709.07497;%%"
}

@techreport{CMS-PAS-HIG-16-042,
      title         = "{Measurements of properties of the Higgs boson decaying to
                       a W boson pair in pp collisions at $\sqrt{s}=13~{\rm
                       TeV}$}",
      institution   = "CERN",
      collaboration = "CMS",
      address       = "Geneva",
      number        = "CMS-PAS-HIG-16-042",
      year          = "2018",
      reportNumber  = "CMS-PAS-HIG-16-042",
      url           = "http://cds.cern.ch/record/2308255",
}

@article{Sirunyan:2018shy,
      author         = "Sirunyan, Albert M and others",
      title          = "{Evidence for associated production of a Higgs boson with
                        a top quark pair in final states with electrons, muons,
                        and hadronically decaying $\tau$ leptons at $\sqrt{s} =$
                        13 TeV}",
      collaboration  = "CMS",
      year           = "2018",
      eprint         = "1803.05485",
      archivePrefix  = "arXiv",
      primaryClass   = "hep-ex",
      reportNumber   = "CMS-HIG-17-018, CERN-EP-2018-017, CMS-HIG-17-018,
                        CERN-EP-2018-017",
      SLACcitation   = "%%CITATION = ARXIV:1803.05485;%%"
}

@article{Sirunyan:2017dgc,
      author         = "Sirunyan, Albert M and others",
      title          = "{Inclusive search for a highly boosted Higgs boson
                        decaying to a bottom quark-antiquark pair}",
      collaboration  = "CMS",
      journal        = "Phys. Rev. Lett.",
      volume         = "120",
      year           = "2018",
      number         = "7",
      pages          = "071802",
      doi            = "10.1103/PhysRevLett.120.071802",
      eprint         = "1709.05543",
      archivePrefix  = "arXiv",
      primaryClass   = "hep-ex",
      reportNumber   = "CMS-HIG-17-010, CERN-EP-2017-207",
      SLACcitation   = "%%CITATION = ARXIV:1709.05543;%%"
}

@article{Sirunyan:2018ouh,
      author         = "Sirunyan, Albert M and others",
      title          = "{Measurements of Higgs boson properties in the diphoton
                        decay channel in proton-proton collisions at $\sqrt{s} =$
                        13 TeV}",
      collaboration  = "CMS",
      year           = "2018",
      eprint         = "1804.02716",
      archivePrefix  = "arXiv",
      primaryClass   = "hep-ex",
      reportNumber   = "CMS-HIG-16-040, CERN-EP-2018-060, CMS-HIG-16-040,
                        CERN-EP-2018-060",
      SLACcitation   = "%%CITATION = ARXIV:1804.02716;%%"
}

@article{Sirunyan:2017exp,
      author         = "Sirunyan, Albert M and others",
      title          = "{Measurements of properties of the Higgs boson decaying
                        into the four-lepton final state in pp collisions at $
                        \sqrt{s}=13 $ TeV}",
      collaboration  = "CMS",
      journal        = "JHEP",
      volume         = "11",
      year           = "2017",
      pages          = "047",
      doi            = "10.1007/JHEP11(2017)047",
      eprint         = "1706.09936",
      archivePrefix  = "arXiv",
      primaryClass   = "hep-ex",
      reportNumber   = "CMS-HIG-16-041, CERN-EP-2017-123",
      SLACcitation   = "%%CITATION = ARXIV:1706.09936;%%"
}

@article{Sirunyan:2017khh,
      author         = "Sirunyan, Albert M and others",
      title          = "{Observation of the Higgs boson decay to a pair of $\tau$
                        leptons with the CMS detector}",
      collaboration  = "CMS",
      journal        = "Phys. Lett.",
      volume         = "B779",
      year           = "2018",
      pages          = "283-316",
      doi            = "10.1016/j.physletb.2018.02.004",
      eprint         = "1708.00373",
      archivePrefix  = "arXiv",
      primaryClass   = "hep-ex",
      reportNumber   = "CMS-HIG-16-043, CERN-EP-2017-181",
      SLACcitation   = "%%CITATION = ARXIV:1708.00373;%%"
}

@article{Aaboud:2017ojs,
      author         = "Aaboud, Morad and others",
      title          = "{Search for the dimuon decay of the Higgs boson in $pp$
                        collisions at $\sqrt{s}$ = 13 TeV with the ATLAS
                        detector}",
      collaboration  = "ATLAS",
      journal        = "Phys. Rev. Lett.",
      volume         = "119",
      year           = "2017",
      number         = "5",
      pages          = "051802",
      doi            = "10.1103/PhysRevLett.119.051802",
      eprint         = "1705.04582",
      archivePrefix  = "arXiv",
      primaryClass   = "hep-ex",
      reportNumber   = "CERN-EP-2017-078",
      SLACcitation   = "%%CITATION = ARXIV:1705.04582;%%"
}

@article{Aaboud:2017xsd,
      author         = "Aaboud, M. and others",
      title          = "{Evidence for the $ H\to b\overline{b} $ decay with the
                        ATLAS detector}",
      collaboration  = "ATLAS",
      journal        = "JHEP",
      volume         = "12",
      year           = "2017",
      pages          = "024",
      doi            = "10.1007/JHEP12(2017)024",
      eprint         = "1708.03299",
      archivePrefix  = "arXiv",
      primaryClass   = "hep-ex",
      reportNumber   = "CERN-EP-2017-175",
      SLACcitation   = "%%CITATION = ARXIV:1708.03299;%%"
}

@article{Aaboud:2017rss,
      author         = "Aaboud, Morad and others",
      title          = "{Search for the Standard Model Higgs boson produced in
                        association with top quarks and decaying into a $b\bar{b}$
                        pair in $pp$ collisions at $\sqrt{s}$ = 13 TeV with the
                        ATLAS detector}",
      collaboration  = "ATLAS",
      year           = "2017",
      eprint         = "1712.08895",
      archivePrefix  = "arXiv",
      primaryClass   = "hep-ex",
      reportNumber   = "CERN-EP-2017-291",
      SLACcitation   = "%%CITATION = ARXIV:1712.08895;%%"
}

@article{Aaboud:2017jvq,
      author         = "Aaboud, Morad and others",
      title          = "{Evidence for the associated production of the Higgs
                        boson and a top quark pair with the ATLAS detector}",
      collaboration  = "ATLAS",
      journal        = "Phys. Rev.",
      volume         = "D97",
      year           = "2018",
      number         = "7",
      pages          = "072003",
      doi            = "10.1103/PhysRevD.97.072003",
      eprint         = "1712.08891",
      archivePrefix  = "arXiv",
      primaryClass   = "hep-ex",
      reportNumber   = "CERN-EP-2017-281",
      SLACcitation   = "%%CITATION = ARXIV:1712.08891;%%"
}

@techreport{ATLAS-CONF-2016-112,
      title         = "{Measurements of the Higgs boson production cross section
                       via Vector Boson Fusion and associated $WH$ production in
                       the $WW^{\ast} \to \ell\nu\ell\nu$ decay mode with the
                       ATLAS detector at $\sqrt{s}$ = 13 TeV}",
      institution   = "CERN",
      collaboration = "ATLAS",
      address       = "Geneva",
      number        = "ATLAS-CONF-2016-112",
      month         = "Nov",
      year          = "2016",
      reportNumber  = "ATLAS-CONF-2016-112",
      url           = "http://cds.cern.ch/record/2231811",
}

@techreport{ATLAS-CONF-2018-004,
      title         = "{Measurement of gluon fusion and vector boson fusion Higgs
                       boson production cross-sections in the $H \to WW^{*} \to
                       e\nu\mu\nu$ decay channel in pp collisions at $\sqrt{s} =
                       13$ TeV with the ATLAS detector}",
      institution   = "CERN",
      collaboration = "ATLAS",
      address       = "Geneva",
      number        = "ATLAS-CONF-2018-004",
      month         = "Mar",
      year          = "2018",
      reportNumber  = "ATLAS-CONF-2018-004",
      url           = "https://cds.cern.ch/record/2308392",
}

@techreport{ATLAS-CONF-2017-047,
      title         = "{Combined measurements of Higgs boson production and decay
                       in the $H\rightarrow ZZ^?\rightarrow4\ell$ and
                       $H\rightarrow\gamma\gamma$ channels using $\sqrt{s}=$ 13
                       TeV pp collision data collected with the ATLAS experiment}",
      institution   = "CERN",
      collaboration = "ATLAS",
      address       = "Geneva",
      number        = "ATLAS-CONF-2017-047",
      month         = "Jul",
      year          = "2017",
      reportNumber  = "ATLAS-CONF-2017-047",
      url           = "http://cds.cern.ch/record/2273854",
}

@article{Kennedy:1988sn,
      author         = "Kennedy, D. C. and Lynn, B. W.",
      title          = "{Electroweak Radiative Corrections with an Effective
                        Lagrangian: Four Fermion Processes}",
      journal        = "Nucl. Phys.",
      volume         = "B322",
      year           = "1989",
      pages          = "1-54",
      doi            = "10.1016/0550-3213(89)90483-5",
      reportNumber   = "SLAC-PUB-4039, SLAC-PUB-4039-REV",
      SLACcitation   = "%%CITATION = NUPHA,B322,1;%%"
}

@article{Golden:1990ig,
      author         = "Golden, Mitchell and Randall, Lisa",
      title          = "{Radiative Corrections to Electroweak Parameters in
                        Technicolor Theories}",
      journal        = "Nucl. Phys.",
      volume         = "B361",
      year           = "1991",
      pages          = "3-23",
      doi            = "10.1016/0550-3213(91)90614-4",
      reportNumber   = "FERMILAB-PUB-90-083-T, LBL-29050, NSF-ITP-90-82",
      SLACcitation   = "%%CITATION = NUPHA,B361,3;%%"
}

@article{Holdom:1990tc,
      author         = "Holdom, B. and Terning, J.",
      title          = "{Large corrections to electroweak parameters in
                        technicolor theories}",
      journal        = "Phys. Lett.",
      volume         = "B247",
      year           = "1990",
      pages          = "88-92",
      doi            = "10.1016/0370-2693(90)91054-F",
      reportNumber   = "NSF-ITP-90-108",
      SLACcitation   = "%%CITATION = PHLTA,B247,88;%%"
}

@article{Altarelli:1990zd,
      author         = "Altarelli, Guido and Barbieri, Riccardo",
      title          = "{Vacuum polarization effects of new physics on
                        electroweak processes}",
      journal        = "Phys. Lett.",
      volume         = "B253",
      year           = "1991",
      pages          = "161-167",
      doi            = "10.1016/0370-2693(91)91378-9",
      reportNumber   = "CERN-TH-5863-90",
      SLACcitation   = "%%CITATION = PHLTA,B253,161;%%"
}

@article{Grinstein:1991cd,
      author         = "Grinstein, Benjamin and Wise, Mark B.",
      title          = "{Operator analysis for precision electroweak physics}",
      journal        = "Phys. Lett.",
      volume         = "B265",
      year           = "1991",
      pages          = "326-334",
      doi            = "10.1016/0370-2693(91)90061-T",
      reportNumber   = "CALT-68-1720, HUTP-91-A015",
      SLACcitation   = "%%CITATION = PHLTA,B265,326;%%"
}

@article{Peskin:1991sw,
      author         = "Peskin, Michael E. and Takeuchi, Tatsu",
      title          = "{Estimation of oblique electroweak corrections}",
      journal        = "Phys. Rev.",
      volume         = "D46",
      year           = "1992",
      pages          = "381-409",
      doi            = "10.1103/PhysRevD.46.381",
      reportNumber   = "SLAC-PUB-5618",
      SLACcitation   = "%%CITATION = PHRVA,D46,381;%%"
}

@article{Ellis:2014dva,
      author         = "Ellis, John and Sanz, Ver\'{o}nica and You, Tevong",
      title          = "{Complete Higgs Sector Constraints on Dimension-6
                        Operators}",
      journal        = "JHEP",
      volume         = "07",
      year           = "2014",
      pages          = "036",
      doi            = "10.1007/JHEP07(2014)036",
      eprint         = "1404.3667",
      archivePrefix  = "arXiv",
      primaryClass   = "hep-ph",
      reportNumber   = "KCL-PH-TH-2014-15, LCTS-2014-14, CERN-PH-TH-2014-061",
      SLACcitation   = "%%CITATION = ARXIV:1404.3667;%%"
}

@article{Ellis:2014jta,
      author         = "Ellis, John and Sanz, Ver\'{o}nica and You, Tevong",
      title          = "{The Effective Standard Model after LHC Run I}",
      journal        = "JHEP",
      volume         = "03",
      year           = "2015",
      pages          = "157",
      doi            = "10.1007/JHEP03(2015)157",
      eprint         = "1410.7703",
      archivePrefix  = "arXiv",
      primaryClass   = "hep-ph",
      reportNumber   = "KCL-PH-TH-2014-41, LCTS-2014-41, CERN-PH-TH-2014-201",
      SLACcitation   = "%%CITATION = ARXIV:1410.7703;%%"
}

@misc{gilbert:talk,
  author    = "Gilbert, Andrew",
  title = {{CMS Higgs Combination Projections}},
  howpublished = {\url{https://indico.cern.ch/event/747493/contributions/3091361/attachments/1695500/2728959/CMSProjections-Shared-v1.pdf}},
}

@article{deFlorian:2016spz,
      author         = "de Florian, D. and others",
      title          = "{Handbook of LHC Higgs Cross Sections: 4. Deciphering the
                        Nature of the Higgs Sector}",
      collaboration  = "LHC Higgs Cross Section Working Group",
      doi            = "10.23731/CYRM-2017-002",
      year           = "2016",
      eprint         = "1610.07922",
      archivePrefix  = "arXiv",
      primaryClass   = "hep-ph",
      reportNumber   = "FERMILAB-FN-1025-T, CERN-2017-002-M",
      SLACcitation   = "%%CITATION = ARXIV:1610.07922;%%"
}
@article{Banerjee:2018bio,
      author         = "Banerjee, Shankha and Englert, Christoph and Gupta, Rick
                        S. and Spannowsky, Michael",
      title          = "{Probing Electroweak Precision Physics via boosted
                        Higgs-strahlung at the LHC}",
      year           = "2018",
      eprint         = "1807.01796",
      archivePrefix  = "arXiv",
      primaryClass   = "hep-ph",
      reportNumber   = "IPPP/18/53, IPPP-18-53",
      SLACcitation   = "%%CITATION = ARXIV:1807.01796;%%"
}

@article{Alioli:2016xab,
      author         = "Alioli, Simone and Caola, Fabrizio and Luisoni, Gionata
                        and RÃÂ¶ntsch, Raul",
      title          = "{ZZ production in gluon fusion at NLO matched to
                        parton-shower}",
      journal        = "Phys. Rev.",
      volume         = "D95",
      year           = "2017",
      number         = "3",
      pages          = "034042",
      doi            = "10.1103/PhysRevD.95.034042",
      eprint         = "1609.09719",
      archivePrefix  = "arXiv",
      primaryClass   = "hep-ph",
      reportNumber   = "CERN-TH-2016-197",
      SLACcitation   = "%%CITATION = ARXIV:1609.09719;%%"
}

@article{Barklow:2017suo,
      author         = "Barklow, Tim and Fujii, Keisuke and Jung, Sunghoon and
                        Karl, Robert and List, Jenny and Ogawa, Tomohisa and
                        Peskin, Michael E. and Tian, Junping",
      title          = "{Improved Formalism for Precision Higgs Coupling Fits}",
      journal        = "Phys. Rev.",
      volume         = "D97",
      year           = "2018",
      number         = "5",
      pages          = "053003",
      doi            = "10.1103/PhysRevD.97.053003",
      eprint         = "1708.08912",
      archivePrefix  = "arXiv",
      primaryClass   = "hep-ph",
      reportNumber   = "DESY-17-120, KEK-PREPRINT-2017-22, SLAC-PUB-17129,
                        DESY-17-120---KEK-PREPRINT-2017-22---SLAC-PUB-17129",
      SLACcitation   = "%%CITATION = ARXIV:1708.08912;%%"
}
@article{Barklow:2017awn,
      author         = "Barklow, Tim and Fujii, Keisuke and Jung, Sunghoon and
                        Peskin, Michael E. and Tian, Junping",
      title          = "{Model-Independent Determination of the Triple Higgs
                        Coupling at e+e- Colliders}",
      journal        = "Phys. Rev.",
      volume         = "D97",
      year           = "2018",
      number         = "5",
      pages          = "053004",
      doi            = "10.1103/PhysRevD.97.053004",
      eprint         = "1708.09079",
      archivePrefix  = "arXiv",
      primaryClass   = "hep-ph",
      reportNumber   = "KEK-PREPRINT-2017-23, SLAC-PUB-17130",
      SLACcitation   = "%%CITATION = ARXIV:1708.09079;%%"
}
@article{Ge:2016zro,
      author         = "Ge, Shao-Feng and He, Hong-Jian and Xiao, Rui-Qing",
      title          = "{Probing new physics scales from Higgs and electroweak
                        observables at e$^{+}$ e$^{Ã¢ÂÂ}$ Higgs factory}",
      journal        = "JHEP",
      volume         = "10",
      year           = "2016",
      pages          = "007",
      doi            = "10.1007/JHEP10(2016)007",
      eprint         = "1603.03385",
      archivePrefix  = "arXiv",
      primaryClass   = "hep-ph",
      SLACcitation   = "%%CITATION = ARXIV:1603.03385;%%"
}
@article{Khanpour:2017cfq,
      author         = "Khanpour, Hamzeh and Mohammadi Najafabadi, Mojtaba",
      title          = "{Constraining Higgs boson effective couplings at
                        electron-positron colliders}",
      journal        = "Phys. Rev.",
      volume         = "D95",
      year           = "2017",
      number         = "5",
      pages          = "055026",
      doi            = "10.1103/PhysRevD.95.055026",
      eprint         = "1702.00951",
      archivePrefix  = "arXiv",
      primaryClass   = "hep-ph",
      SLACcitation   = "%%CITATION = ARXIV:1702.00951;%%"
}
@article{Cohen:2016bsd,
      author         = "Cohen, Jonathan and Bar-Shalom, Shaouly and Eilam, Gad",
      title          = "{Contact Interactions in Higgs-Vector Boson Associated
                        Production at the ILC}",
      journal        = "Phys. Rev.",
      volume         = "D94",
      year           = "2016",
      number         = "3",
      pages          = "035030",
      doi            = "10.1103/PhysRevD.94.035030",
      eprint         = "1602.01698",
      archivePrefix  = "arXiv",
      primaryClass   = "hep-ph",
      SLACcitation   = "%%CITATION = ARXIV:1602.01698;%%"
}

@article{Gupta:2014rxa,
      author         = "Gupta, Rick S. and Pomarol, Alex and Riva, Francesco",
      title          = "{BSM Primary Effects}",
      journal        = "Phys. Rev.",
      volume         = "D91",
      year           = "2015",
      number         = "3",
      pages          = "035001",
      doi            = "10.1103/PhysRevD.91.035001",
      eprint         = "1405.0181",
      archivePrefix  = "arXiv",
      primaryClass   = "hep-ph",
      SLACcitation   = "%%CITATION = ARXIV:1405.0181;%%"
}

@article{Contino:2016jqw,
      author         = "Contino, Roberto and Falkowski, Adam and Goertz, Florian
                        and Grojean, Christophe and Riva, Francesco",
      title          = "{On the Validity of the Effective Field Theory Approach
                        to SM Precision Tests}",
      journal        = "JHEP",
      volume         = "07",
      year           = "2016",
      pages          = "144",
      doi            = "10.1007/JHEP07(2016)144",
      eprint         = "1604.06444",
      archivePrefix  = "arXiv",
      primaryClass   = "hep-ph",
      reportNumber   = "DESY-16-067, CERN-TH-2016-082, LPT-Orsay-16-32",
      SLACcitation   = "%%CITATION = ARXIV:1604.06444;%%"
}

@article{Butterworth:2008iy,
      author         = "Butterworth, Jonathan M. and Davison, Adam R. and Rubin,
                        Mathieu and Salam, Gavin P.",
      title          = "{Jet substructure as a new Higgs search channel at the
                        LHC}",
      journal        = "Phys. Rev. Lett.",
      volume         = "100",
      year           = "2008",
      pages          = "242001",
      doi            = "10.1103/PhysRevLett.100.242001",
      eprint         = "0802.2470",
      archivePrefix  = "arXiv",
      primaryClass   = "hep-ph",
      SLACcitation   = "%%CITATION = ARXIV:0802.2470;%%"
}

@article{Soper:2010xk,
      author         = "Soper, Davison E. and Spannowsky, Michael",
      title          = "{Combining subjet algorithms to enhance ZH detection at
                        the LHC}",
      journal        = "JHEP",
      volume         = "08",
      year           = "2010",
      pages          = "029",
      doi            = "10.1007/JHEP08(2010)029",
      eprint         = "1005.0417",
      archivePrefix  = "arXiv",
      primaryClass   = "hep-ph",
      SLACcitation   = "%%CITATION = ARXIV:1005.0417;%%"
}

@article{deBlas:2013qqa,
      author         = "de Blas, Jorge and Chala, Mikael and Santiago, Jose",
      title          = "{Global Constraints on Lepton-Quark Contact
                        Interactions}",
      journal        = "Phys. Rev.",
      volume         = "D88",
      year           = "2013",
      pages          = "095011",
      doi            = "10.1103/PhysRevD.88.095011",
      eprint         = "1307.5068",
      archivePrefix  = "arXiv",
      primaryClass   = "hep-ph",
      SLACcitation   = "%%CITATION = ARXIV:1307.5068;%%"
}

@article{Farina:2016rws,
      author         = "Farina, Marco and Panico, Giuliano and Pappadopulo,
                        Duccio and Ruderman, Joshua T. and Torre, Riccardo and
                        Wulzer, Andrea",
      title          = "{Energy helps accuracy: electroweak precision tests at
                        hadron colliders}",
      journal        = "Phys. Lett.",
      volume         = "B772",
      year           = "2017",
      pages          = "210-215",
      doi            = "10.1016/j.physletb.2017.06.043",
      eprint         = "1609.08157",
      archivePrefix  = "arXiv",
      primaryClass   = "hep-ph",
      reportNumber   = "CERN-TH-2016-205",
      SLACcitation   = "%%CITATION = ARXIV:1609.08157;%%"
}

@article{Franceschini:2017xkh,
      author         = "Franceschini, Roberto and Panico, Giuliano and Pomarol,
                        Alex and Riva, Francesco and Wulzer, Andrea",
      title          = "{Electroweak Precision Tests in High-Energy Diboson
                        Processes}",
      journal        = "JHEP",
      volume         = "02",
      year           = "2018",
      pages          = "111",
      doi            = "10.1007/JHEP02(2018)111",
      eprint         = "1712.01310",
      archivePrefix  = "arXiv",
      primaryClass   = "hep-ph",
      reportNumber   = "CERN-TH-2017-252, RM3-TH-17-1",
      SLACcitation   = "%%CITATION = ARXIV:1712.01310;%%"
}

@article{Chanowitz:1985hj,
      author         = "Chanowitz, Michael S. and Gaillard, Mary K.",
      title          = "{The TeV Physics of Strongly Interacting W's and Z's}",
      journal        = "Nucl. Phys.",
      volume         = "B261",
      year           = "1985",
      pages          = "379-431",
      doi            = "10.1016/0550-3213(85)90580-2",
      reportNumber   = "LBL-19470, UCB-PTH-85/19",
      SLACcitation   = "%%CITATION = NUPHA,B261,379;%%"
}

@article{Alloul:2013bka,
      author         = "Alloul, Adam and Christensen, Neil D. and Degrande,
                        CÃÂ©line and Duhr, Claude and Fuks, Benjamin",
      title          = "{FeynRules  2.0 - A complete toolbox for tree-level
                        phenomenology}",
      journal        = "Comput. Phys. Commun.",
      volume         = "185",
      year           = "2014",
      pages          = "2250-2300",
      doi            = "10.1016/j.cpc.2014.04.012",
      eprint         = "1310.1921",
      archivePrefix  = "arXiv",
      primaryClass   = "hep-ph",
      reportNumber   = "CERN-PH-TH-2013-239, MCNET-13-14, IPPP-13-71,
                        DCPT-13-142, --PITT-PACC-1308",
      SLACcitation   = "%%CITATION = ARXIV:1310.1921;%%"
}

@article{Alwall:2014hca,
      author         = "Alwall, J. and Frederix, R. and Frixione, S. and Hirschi,
                        V. and Maltoni, F. and Mattelaer, O. and Shao, H. -S. and
                        Stelzer, T. and Torrielli, P. and Zaro, M.",
      title          = "{The automated computation of tree-level and
                        next-to-leading order differential cross sections, and
                        their matching to parton shower simulations}",
      journal        = "JHEP",
      volume         = "07",
      year           = "2014",
      pages          = "079",
      doi            = "10.1007/JHEP07(2014)079",
      eprint         = "1405.0301",
      archivePrefix  = "arXiv",
      primaryClass   = "hep-ph",
      reportNumber   = "CERN-PH-TH-2014-064, CP3-14-18, LPN14-066, MCNET-14-09,
                        ZU-TH-14-14",
      SLACcitation   = "%%CITATION = ARXIV:1405.0301;%%"
}

@article{Hahn:2000kx,
      author         = "Hahn, Thomas",
      title          = "{Generating Feynman diagrams and amplitudes with FeynArts
                        3}",
      journal        = "Comput. Phys. Commun.",
      volume         = "140",
      year           = "2001",
      pages          = "418-431",
      doi            = "10.1016/S0010-4655(01)00290-9",
      eprint         = "hep-ph/0012260",
      archivePrefix  = "arXiv",
      primaryClass   = "hep-ph",
      reportNumber   = "KA-TP-23-2000",
      SLACcitation   = "%%CITATION = HEP-PH/0012260;%%"
}

@article{Hahn:1998yk,
      author         = "Hahn, T. and Perez-Victoria, M.",
      title          = "{Automatized one loop calculations in four-dimensions and
                        D-dimensions}",
      journal        = "Comput. Phys. Commun.",
      volume         = "118",
      year           = "1999",
      pages          = "153-165",
      doi            = "10.1016/S0010-4655(98)00173-8",
      eprint         = "hep-ph/9807565",
      archivePrefix  = "arXiv",
      primaryClass   = "hep-ph",
      reportNumber   = "UG-FT-87-98, KA-TP-7-1998",
      SLACcitation   = "%%CITATION = HEP-PH/9807565;%%"
}

@article{Dokshitzer:1997in,
      author         = "Dokshitzer, Yuri L. and Leder, G. D. and Moretti, S. and
                        Webber, B. R.",
      title          = "{Better jet clustering algorithms}",
      journal        = "JHEP",
      volume         = "08",
      year           = "1997",
      pages          = "001",
      doi            = "10.1088/1126-6708/1997/08/001",
      eprint         = "hep-ph/9707323",
      archivePrefix  = "arXiv",
      primaryClass   = "hep-ph",
      reportNumber   = "CAVENDISH-HEP-97-06",
      SLACcitation   = "%%CITATION = HEP-PH/9707323;%%"
}

@inproceedings{Wobisch:1998wt,
      author         = "Wobisch, M. and Wengler, T.",
      title          = "{Hadronization corrections to jet cross-sections in deep
                        inelastic scattering}",
      booktitle      = "{Monte Carlo generators for HERA physics. Proceedings,
                        Workshop, Hamburg, Germany, 1998-1999}",
      url            = "https://inspirehep.net/record/484872/files/arXiv:hep-ph_9907280.pdf",
      year           = "1998",
      pages          = "270-279",
      eprint         = "hep-ph/9907280",
      archivePrefix  = "arXiv",
      primaryClass   = "hep-ph",
      reportNumber   = "PITHA-99-16",
      SLACcitation   = "%%CITATION = HEP-PH/9907280;%%"
}


@article{Sjostrand:2001yu,
      author         = "Sjostrand, Torbjorn and Lonnblad, Leif and Mrenna,
                        Stephen",
      title          = "{PYTHIA 6.2: Physics and manual}",
      year           = "2001",
      eprint         = "hep-ph/0108264",
      archivePrefix  = "arXiv",
      primaryClass   = "hep-ph",
      reportNumber   = "LU-TP-01-21",
      SLACcitation   = "%%CITATION = HEP-PH/0108264;%%"
}

@article{Sjostrand:2014zea,
      author         = "SjÃÂ¶strand, TorbjÃÂ¶rn and Ask, Stefan and Christiansen,
                        Jesper R. and Corke, Richard and Desai, Nishita and Ilten,
                        Philip and Mrenna, Stephen and Prestel, Stefan and
                        Rasmussen, Christine O. and Skands, Peter Z.",
      title          = "{An Introduction to PYTHIA 8.2}",
      journal        = "Comput. Phys. Commun.",
      volume         = "191",
      year           = "2015",
      pages          = "159-177",
      doi            = "10.1016/j.cpc.2015.01.024",
      eprint         = "1410.3012",
      archivePrefix  = "arXiv",
      primaryClass   = "hep-ph",
      reportNumber   = "LU-TP-14-36, MCNET-14-22, CERN-PH-TH-2014-190,
                        FERMILAB-PUB-14-316-CD, DESY-14-178, SLAC-PUB-16122",
      SLACcitation   = "%%CITATION = ARXIV:1410.3012;%%"
}

@article{Frixione:2007zp,
      author         = "Frixione, Stefano and Laenen, Eric and Motylinski,
                        Patrick and Webber, Bryan R.",
      title          = "{Angular correlations of lepton pairs from vector boson
                        and top quark decays in Monte Carlo simulations}",
      journal        = "JHEP",
      volume         = "04",
      year           = "2007",
      pages          = "081",
      doi            = "10.1088/1126-6708/2007/04/081",
      eprint         = "hep-ph/0702198",
      archivePrefix  = "arXiv",
      primaryClass   = "HEP-PH",
      reportNumber   = "CAVENDISH-HEP-07-01, GEF-TH-09-2007, ITP-UU-07-10,
                        NIKHEF-2007-004",
      SLACcitation   = "%%CITATION = HEP-PH/0702198;%%"
}

@article{Mangano:2006rw,
      author         = "Mangano, Michelangelo L. and Moretti, Mauro and
                        Piccinini, Fulvio and Treccani, Michele",
      title          = "{Matching matrix elements and shower evolution for
                        top-quark production in hadronic collisions}",
      journal        = "JHEP",
      volume         = "01",
      year           = "2007",
      pages          = "013",
      doi            = "10.1088/1126-6708/2007/01/013",
      eprint         = "hep-ph/0611129",
      archivePrefix  = "arXiv",
      primaryClass   = "hep-ph",
      reportNumber   = "CERN-PH-TH-2006-232, FNT-T-2006-09",
      SLACcitation   = "%%CITATION = HEP-PH/0611129;%%"
}

@article{Cacciari:2011ma,
      author         = "Cacciari, Matteo and Salam, Gavin P. and Soyez, Gregory",
      title          = "{FastJet User Manual}",
      journal        = "Eur. Phys. J.",
      volume         = "C72",
      year           = "2012",
      pages          = "1896",
      doi            = "10.1140/epjc/s10052-012-1896-2",
      eprint         = "1111.6097",
      archivePrefix  = "arXiv",
      primaryClass   = "hep-ph",
      reportNumber   = "CERN-PH-TH-2011-297",
      SLACcitation   = "%%CITATION = ARXIV:1111.6097;%%"
}

@article{Greljo:2017spw,
      author         = "Greljo, Admir and Isidori, Gino and Lindert, Jonas M. and
                        Marzocca, David and Zhang, Hantian",
      title          = "{Electroweak Higgs production with HiggsPO at NLO QCD}",
      journal        = "Eur. Phys. J.",
      volume         = "C77",
      year           = "2017",
      number         = "12",
      pages          = "838",
      doi            = "10.1140/epjc/s10052-017-5422-4",
      eprint         = "1710.04143",
      archivePrefix  = "arXiv",
      primaryClass   = "hep-ph",
      reportNumber   = "ZU-TH-26-17, IPPP-17-73, MITP-17-069",
      SLACcitation   = "%%CITATION = ARXIV:1710.04143;%%"
}

@article{2007physics3039H,
   author = {{Hoecker}, A. and {Speckmayer}, P. and {Stelzer}, J. and {Therhaag}, J. and 
	{von Toerne}, E. and {Voss}, H. and {Backes}, M. and {Carli}, T. and 
	{Cohen}, O. and {Christov}, A. and {Dannheim}, D. and {Danielowski}, K. and 
	{Henrot-Versille}, S. and {Jachowski}, M. and {Kraszewski}, K. and 
	{Krasznahorkay}, Jr., A. and {Kruk}, M. and {Mahalalel}, Y. and 
	{Ospanov}, R. and {Prudent}, X. and {Robert}, A. and {Schouten}, D. and 
	{Tegenfeldt}, F. and {Voigt}, A. and {Voss}, K. and {Wolter}, M. and 
	{Zemla}, A.},
    title = "{TMVA - Toolkit for Multivariate Data Analysis}",
  journal = {ArXiv Physics e-prints},
   eprint = {physics/0703039},
 keywords = {Physics - Data Analysis, Statistics and Probability},
     year = 2007,
    month = mar,
   adsurl = {http://adsabs.harvard.edu/abs/2007physics...3039H},
  adsnote = {Provided by the SAO/NASA Astrophysics Data System}
}

@article{Artoisenet:2012st,
      author         = "Artoisenet, Pierre and Frederix, Rikkert and Mattelaer,
                        Olivier and Rietkerk, Robbert",
      title          = "{Automatic spin-entangled decays of heavy resonances in
                        Monte Carlo simulations}",
      journal        = "JHEP",
      volume         = "03",
      year           = "2013",
      pages          = "015",
      doi            = "10.1007/JHEP03(2013)015",
      eprint         = "1212.3460",
      archivePrefix  = "arXiv",
      primaryClass   = "hep-ph",
      reportNumber   = "NIKHEF-2012-021, CERN-PH-TH-2012-329",
      SLACcitation   = "%%CITATION = ARXIV:1212.3460;%%"
}

@article{KS,
   author = "Ciupke, D.",
   title  = "{Study of BDT Training Configurations with an Application to the $Z/H \to \tau \tau \to e e$ Analysis}",
   url    = "http://www.desy.de/f/students/2012/reports/david_ciupke.pdf.gz",
   year   = 2012}

@article{Campbell:2002tg,
      author         = "Campbell, John M. and Ellis, R. Keith",
      title          = "{Next-to-leading order corrections to $W^+$ 2 jet and
                        $Z^+$ 2 jet production at hadron colliders}",
      journal        = "Phys. Rev.",
      volume         = "D65",
      year           = "2002",
      pages          = "113007",
      doi            = "10.1103/PhysRevD.65.113007",
      eprint         = "hep-ph/0202176",
      archivePrefix  = "arXiv",
      primaryClass   = "hep-ph",
      reportNumber   = "ANL-HEP-PR-02-020, FERMILAB-PUB-02-032-T",
      SLACcitation   = "%%CITATION = HEP-PH/0202176;%%"
      }
@article{Grzadkowski:2010es,
      author         = "Grzadkowski, B. and Iskrzynski, M. and Misiak, M. and
                        Rosiek, J.",
      title          = "{Dimension-Six Terms in the Standard Model Lagrangian}",
      journal        = "JHEP",
      volume         = "10",
      year           = "2010",
      pages          = "085",
      doi            = "10.1007/JHEP10(2010)085",
      eprint         = "1008.4884",
      archivePrefix  = "arXiv",
      primaryClass   = "hep-ph",
      reportNumber   = "IFT-9-2010, TTP10-35",
      SLACcitation   = "%%CITATION = ARXIV:1008.4884;%%"
}
@article{Giudice:2007fh,
      author         = "Giudice, G. F. and Grojean, C. and Pomarol, A. and
                        Rattazzi, R.",
      title          = "{The Strongly-Interacting Light Higgs}",
      journal        = "JHEP",
      volume         = "06",
      year           = "2007",
      pages          = "045",
      doi            = "10.1088/1126-6708/2007/06/045",
      eprint         = "hep-ph/0703164",
      archivePrefix  = "arXiv",
      primaryClass   = "hep-ph",
      reportNumber   = "CERN-PH-TH-2007-47",
      SLACcitation   = "%%CITATION = HEP-PH/0703164;%%"
}
@article{Peskin:1991sw,
      author         = "Peskin, Michael E. and Takeuchi, Tatsu",
      title          = "{Estimation of oblique electroweak corrections}",
      journal        = "Phys. Rev.",
      volume         = "D46",
      year           = "1992",
      pages          = "381-409",
      doi            = "10.1103/PhysRevD.46.381",
      reportNumber   = "SLAC-PUB-5618",
      SLACcitation   = "%%CITATION = PHRVA,D46,381;%%"
}
@article{Hagiwara:1986vm,
      author         = "Hagiwara, Kaoru and Peccei, R. D. and Zeppenfeld, D. and
                        Hikasa, K.",
      title          = "{Probing the Weak Boson Sector in e+ e- ---> W+ W-}",
      journal        = "Nucl. Phys.",
      volume         = "B282",
      year           = "1987",
      pages          = "253-307",
      doi            = "10.1016/0550-3213(87)90685-7",
      reportNumber   = "MAD/PH/279, DESY-86-058",
      SLACcitation   = "%%CITATION = NUPHA,B282,253;%%"
}
@article{Barbieri:2004qk,
      author         = "Barbieri, Riccardo and Pomarol, Alex and Rattazzi,
                        Riccardo and Strumia, Alessandro",
      title          = "{Electroweak symmetry breaking after LEP-1 and LEP-2}",
      journal        = "Nucl. Phys.",
      volume         = "B703",
      year           = "2004",
      pages          = "127-146",
      doi            = "10.1016/j.nuclphysb.2004.10.014",
      eprint         = "hep-ph/0405040",
      archivePrefix  = "arXiv",
      primaryClass   = "hep-ph",
      reportNumber   = "CERN-PH-TH-2004-075, IFUP-TH-2004-13, UAB-FT-565",
      SLACcitation   = "%%CITATION = HEP-PH/0405040;%%"
}@article{Banerjee:2013apa,
      author         = "Banerjee, Shankha and Mukhopadhyay, Satyanarayan and
                        Mukhopadhyaya, Biswarup",
      title          = "{Higher dimensional operators and the LHC Higgs data: The
                        role of modified kinematics}",
      journal        = "Phys. Rev.",
      volume         = "D89",
      year           = "2014",
      number         = "5",
      pages          = "053010",
      doi            = "10.1103/PhysRevD.89.053010",
      eprint         = "1308.4860",
      archivePrefix  = "arXiv",
      primaryClass   = "hep-ph",
      reportNumber   = "IPMU13-0160, RECAPP-HRI-2013-018",
      SLACcitation   = "%%CITATION = ARXIV:1308.4860;%%"
}

@article{Amar:2014fpa,
      author         = "Amar, Gilad and Banerjee, Shankha and von Buddenbrock,
                        Stefan and Cornell, Alan S. and Mandal, Tanumoy and
                        Mellado, Bruce and Mukhopadhyaya, Biswarup",
      title          = "{Exploration of the tensor structure of the Higgs boson
                        coupling to weak bosons in e$^{+}$ e$^{Ã¢ÂÂ}$ collisions}",
      journal        = "JHEP",
      volume         = "02",
      year           = "2015",
      pages          = "128",
      doi            = "10.1007/JHEP02(2015)128",
      eprint         = "1405.3957",
      archivePrefix  = "arXiv",
      primaryClass   = "hep-ph",
      reportNumber   = "HRI-RECAPP-2014-011, WITS-CTP-135",
      SLACcitation   = "%%CITATION = ARXIV:1405.3957;%%"
}

@article{Banerjee:2015bla,
      author         = "Banerjee, Shankha and Mandal, Tanumoy and Mellado, Bruce
                        and Mukhopadhyaya, Biswarup",
      title          = "{Cornering dimension-6 $HVV$ interactions at high
                        luminosity LHC: the role of event ratios}",
      journal        = "JHEP",
      volume         = "09",
      year           = "2015",
      pages          = "057",
      doi            = "10.1007/JHEP09(2015)057",
      eprint         = "1505.00226",
      archivePrefix  = "arXiv",
      primaryClass   = "hep-ph",
      reportNumber   = "HRI-RECAPP-2015-008, WITS-MITP-006",
      SLACcitation   = "%%CITATION = ARXIV:1505.00226;%%"
}

@article{Dicus:1988yh,
      author         = "Dicus, Duane A. and Kao, Chung",
      title          = "{Higgs Boson - $\Z^0$ Production From Gluon Fusion}",
      journal        = "Phys. Rev.",
      volume         = "D38",
      year           = "1988",
      pages          = "1008",
      doi            = "10.1103/PhysRevD.38.1008, 10.1103/PhysRevD.42.2412",
      note           = "[Erratum: Phys. Rev.D42,2412(1990)]",
      reportNumber   = "DOE-ER40200-131",
      SLACcitation   = "%%CITATION = PHRVA,D38,1008;%%"
}

@article{Kniehl:1990iva,
      author         = "Kniehl, Bernd A.",
      title          = "{Associated Production of Higgs and Z Bosons From Gluon
                        Fusion in Hadron Collisions}",
      journal        = "Phys. Rev.",
      volume         = "D42",
      year           = "1990",
      pages          = "2253-2258",
      doi            = "10.1103/PhysRevD.42.2253",
      reportNumber   = "MAD-PH-558",
      SLACcitation   = "%%CITATION = PHRVA,D42,2253;%%"
}

@article{Matsuura:1990ba,
      author         = "Matsuura, T. and Hamberg, R. and van Neerven, W. L.",
      title          = "{The Contribution of the Gluon-gluon Subprocess to the
                        {Drell-Yan} $K$ Factor}",
      journal        = "Nucl. Phys.",
      volume         = "B345",
      year           = "1990",
      pages          = "331-368",
      doi            = "10.1016/0550-3213(90)90391-P",
      reportNumber   = "DESY-90-031",
      SLACcitation   = "%%CITATION = NUPHA,B345,331;%%"
}


@article{Soper:2011cr,
      author         = "Soper, Davison E. and Spannowsky, Michael",
      title          = "{Finding physics signals with shower deconstruction}",
      journal        = "Phys. Rev.",
      volume         = "D84",
      year           = "2011",
      pages          = "074002",
      doi            = "10.1103/PhysRevD.84.074002",
      eprint         = "1102.3480",
      archivePrefix  = "arXiv",
      primaryClass   = "hep-ph",
      SLACcitation   = "%%CITATION = ARXIV:1102.3480;%%"
}

@article{Kniehl:2011aa,
      author         = "Kniehl, Bernd A. and Palisoc, Caesar P.",
      title          = "{Associated production of Z and neutral Higgs bosons at
                        the CERN Large Hadron Collider}",
      journal        = "Phys. Rev.",
      volume         = "D85",
      year           = "2012",
      pages          = "075027",
      doi            = "10.1103/PhysRevD.85.075027",
      eprint         = "1112.1575",
      archivePrefix  = "arXiv",
      primaryClass   = "hep-ph",
      reportNumber   = "DESY-11-239",
      SLACcitation   = "%%CITATION = ARXIV:1112.1575;%%"
}

@article{Harlander:2013mla,
      author         = "Harlander, Robert V. and Liebler, Stefan and Zirke, Tom",
      title          = "{Higgs Strahlung at the Large Hadron Collider in the
                        2-Higgs-Doublet Model}",
      journal        = "JHEP",
      volume         = "02",
      year           = "2014",
      pages          = "023",
      doi            = "10.1007/JHEP02(2014)023",
      eprint         = "1307.8122",
      archivePrefix  = "arXiv",
      primaryClass   = "hep-ph",
      reportNumber   = "WUB-13-12",
      SLACcitation   = "%%CITATION = ARXIV:1307.8122;%%"
}

@article{Englert:2013vua,
      author         = "Englert, Christoph and McCullough, Matthew and
                        Spannowsky, Michael",
      title          = "{Gluon-initiated associated production boosts Higgs
                        physics}",
      journal        = "Phys. Rev.",
      volume         = "D89",
      year           = "2014",
      number         = "1",
      pages          = "013013",
      doi            = "10.1103/PhysRevD.89.013013",
      eprint         = "1310.4828",
      archivePrefix  = "arXiv",
      primaryClass   = "hep-ph",
      reportNumber   = "DCPT-13-158, IPPP-13-79, MIT-CTP-4506",
      SLACcitation   = "%%CITATION = ARXIV:1310.4828;%%"
}

@article{Altenkamp:2012sx,
      author         = "Altenkamp, Lukas and Dittmaier, Stefan and Harlander,
                        Robert V. and Rzehak, Heidi and Zirke, Tom J. E.",
      title          = "{Gluon-induced Higgs-strahlung at next-to-leading order
                        QCD}",
      journal        = "JHEP",
      volume         = "02",
      year           = "2013",
      pages          = "078",
      doi            = "10.1007/JHEP02(2013)078",
      eprint         = "1211.5015",
      archivePrefix  = "arXiv",
      primaryClass   = "hep-ph",
      reportNumber   = "CERN-PH-TH-2012-312, FR-PHENO-2012-023, WUB-12-21",
      SLACcitation   = "%%CITATION = ARXIV:1211.5015;%%"
}

@article{Hespel:2015zea,
      author         = "Hespel, B. and Maltoni, F. and Vryonidou, E.",
      title          = "{Higgs and Z boson associated production via gluon fusion
                        in the SM and the 2HDM}",
      journal        = "JHEP",
      volume         = "06",
      year           = "2015",
      pages          = "065",
      doi            = "10.1007/JHEP06(2015)065",
      eprint         = "1503.01656",
      archivePrefix  = "arXiv",
      primaryClass   = "hep-ph",
      reportNumber   = "CP3-15-05, MCNET-15-04",
      SLACcitation   = "%%CITATION = ARXIV:1503.01656;%%"
}

@article{Harlander:2018yns,
      author         = "Harlander, R. V. and Klappert, J. and Pandini, C. and
                        Papaefstathiou, A.",
      title          = "{Exploiting the WH/ZH symmetry in the search for New
                        Physics}",
      year           = "2018",
      eprint         = "1804.02299",
      archivePrefix  = "arXiv",
      primaryClass   = "hep-ph",
      reportNumber   = "TTK-17-48, Nikhef 2018-026",
      SLACcitation   = "%%CITATION = ARXIV:1804.02299;%%"
}

@article{Degrande:2011ua,
      author         = "Degrande, Celine and Duhr, Claude and Fuks, Benjamin and
                        Grellscheid, David and Mattelaer, Olivier and Reiter,
                        Thomas",
      title          = "{UFO - The Universal FeynRules Output}",
      journal        = "Comput. Phys. Commun.",
      volume         = "183",
      year           = "2012",
      pages          = "1201-1214",
      doi            = "10.1016/j.cpc.2012.01.022",
      eprint         = "1108.2040",
      archivePrefix  = "arXiv",
      primaryClass   = "hep-ph",
      reportNumber   = "CP3-11-25, IPHC-PHENO-11-04, IPPP-11-39, DCPT-11-78,
                        MPP-2011-68",
      SLACcitation   = "%%CITATION = ARXIV:1108.2040;%%"
}

@article{Buschmann:2014sia,
      author         = "Buschmann, Malte and Goncalves, Dorival and Kuttimalai,
                        Silvan and Schonherr, Marek and Krauss, Frank and Plehn,
                        Tilman",
      title          = "{Mass Effects in the Higgs-Gluon Coupling: Boosted vs
                        Off-Shell Production}",
      journal        = "JHEP",
      volume         = "02",
      year           = "2015",
      pages          = "038",
      doi            = "10.1007/JHEP02(2015)038",
      eprint         = "1410.5806",
      archivePrefix  = "arXiv",
      primaryClass   = "hep-ph",
      reportNumber   = "IPPP-14-93, DCPT-14-186",
      SLACcitation   = "%%CITATION = ARXIV:1410.5806;%%"
}
@article{Elias-Miro:2013eta,
      author         = "Elias-Miro, Joan and Grojean, Christophe and Gupta, Rick
                        S. and Marzocca, David",
      title          = "{Scaling and tuning of EW and Higgs observables}",
      journal        = "JHEP",
      volume         = "05",
      year           = "2014",
      pages          = "019",
      doi            = "10.1007/JHEP05(2014)019",
      eprint         = "1312.2928",
      archivePrefix  = "arXiv",
      primaryClass   = "hep-ph",
      reportNumber   = "SISSA-57-2013-FISI",
      SLACcitation   = "%%CITATION = ARXIV:1312.2928;%%"}
 @article{Wells:2015uba,
      author         = "Wells, James D. and Zhang, Zhengkang",
      title          = "{Effective theories of universal theories}",
      journal        = "JHEP",
      volume         = "01",
      year           = "2016",
      pages          = "123",
      doi            = "10.1007/JHEP01(2016)123",
      eprint         = "1510.08462",
      archivePrefix  = "arXiv",
      primaryClass   = "hep-ph",
      reportNumber   = "MCTP-15-24",
      SLACcitation   = "%%CITATION = ARXIV:1510.08462;%%"
}
@article{Baak:2012kk,
      author         = "Baak, M. and Goebel, M. and Haller, J. and Hoecker, A.
                        and Kennedy, D. and Kogler, R. and Moenig, K. and Schott,
                        M. and Stelzer, J.",
      title          = "{The Electroweak Fit of the Standard Model after the
                        Discovery of a New Boson at the LHC}",
      journal        = "Eur. Phys. J.",
      volume         = "C72",
      year           = "2012",
      pages          = "2205",
      doi            = "10.1140/epjc/s10052-012-2205-9",
      eprint         = "1209.2716",
      archivePrefix  = "arXiv",
      primaryClass   = "hep-ph",
      reportNumber   = "DESY-12-154",
      SLACcitation   = "%%CITATION = ARXIV:1209.2716;%%"
}
@article{Falkowski:2014tna,
      author         = "Falkowski, Adam and Riva, Francesco",
      title          = "{Model-independent precision constraints on dimension-6
                        operators}",
      journal        = "JHEP",
      volume         = "02",
      year           = "2015",
      pages          = "039",
      doi            = "10.1007/JHEP02(2015)039",
      eprint         = "1411.0669",
      archivePrefix  = "arXiv",
      primaryClass   = "hep-ph",
      reportNumber   = "LPT-ORSAY-14-77",
      SLACcitation   = "%%CITATION = ARXIV:1411.0669;%%"
}
@techreport{LEP2,
      title         = "{A Combination of Preliminary Results on Gauge Boson
                       Couplings Measured by the LEP experiments}",
      institution   = "CERN",
      collaboration = "ALEPH Collaboration, DELPHI Collaboration, L3
                       Collaboration, OPAL Collaboration, LEP TGC Working Group",
      address       = "Geneva",
      number        = "LEPEWWG-TGC-2003-01. DELPHI-2003-068-PHYS-936.
                       L3-Note-2826. LEPEWWG-2006-01. OPAL-TN-739.
                       ALEPH-2006-016-CONF-2003-012",
      month         = "Jan",
      year          = "2003",
      url           = "https://cds.cern.ch/record/2285934",
      note          = "2003 Summer Conferences",
}
@inproceedings{Pomarol:2014dya,
      author         = "Pomarol, Alex",
      title          = "{Higgs Physics}",
      booktitle      = "{Proceedings, 2014 European School of High-Energy Physics
                        (ESHEP 2014): Garderen, The Netherlands, June 18 - July 01
                        2014}",
      year           = "2016",
      url            = "http://inspirehep.net/record/1334375/files/arXiv:1412.4410.pdf",
      pages          = "59-77",
      eprint         = "1412.4410",
      archivePrefix  = "arXiv",
      primaryClass   = "hep-ph",
      SLACcitation   = "%%CITATION = ARXIV:1412.4410;%%"
}
@article{Craig:2014una,
      author         = "Craig, Nathaniel and Farina, Marco and McCullough,
                        Matthew and Perelstein, Maxim",
      title          = "{Precision Higgsstrahlung as a Probe of New Physics}",
      journal        = "JHEP",
      volume         = "03",
      year           = "2015",
      pages          = "146",
      doi            = "10.1007/JHEP03(2015)146",
      eprint         = "1411.0676",
      archivePrefix  = "arXiv",
      primaryClass   = "hep-ph",
      SLACcitation   = "%%CITATION = ARXIV:1411.0676;%%"
}
@article{Denizli:2017pyu,
      author         = "Denizli, H. and Senol, A.",
      title          = "{Constraints on Higgs effective couplings in $H\nu
                        \bar{\nu}$ production of CLIC at 380 GeV}",
      journal        = "Adv. High Energy Phys.",
      volume         = "2018",
      year           = "2018",
      pages          = "1627051",
      doi            = "10.1155/2018/1627051",
      eprint         = "1707.03890",
      archivePrefix  = "arXiv",
      primaryClass   = "hep-ph",
      SLACcitation   = "%%CITATION = ARXIV:1707.03890;%%"
}

@article{Brod:2013cka,
      author         = "Brod, Joachim and Haisch, Ulrich and Zupan, Jure",
      title          = "{Constraints on CP-violating Higgs couplings to the third
                        generation}",
      journal        = "JHEP",
      volume         = "11",
      year           = "2013",
      pages          = "180",
      doi            = "10.1007/JHEP11(2013)180",
      eprint         = "1310.1385",
      archivePrefix  = "arXiv",
      primaryClass   = "hep-ph",
      reportNumber   = "NSF-KITP-13-229",
      SLACcitation   = "%%CITATION = ARXIV:1310.1385;%%"
}

@article{Boudjema:2015nda,
      author         = "Boudjema, Fawzi and Godbole, Rohini M. and Guadagnoli,
                        Diego and Mohan, Kirtimaan A.",
      title          = "{Lab-frame observables for probing the top-Higgs
                        interaction}",
      journal        = "Phys. Rev.",
      volume         = "D92",
      year           = "2015",
      number         = "1",
      pages          = "015019",
      doi            = "10.1103/PhysRevD.92.015019",
      eprint         = "1501.03157",
      archivePrefix  = "arXiv",
      primaryClass   = "hep-ph",
      reportNumber   = "LAPTH-004-15, MSUHEP-150113",
      SLACcitation   = "%%CITATION = ARXIV:1501.03157;%%"
}

@article{Buckley:2015vsa,
      author         = "Buckley, Matthew R. and Goncalves, Dorival",
      title          = "{Boosting the Direct CP Measurement of the Higgs-Top
                        Coupling}",
      journal        = "Phys. Rev. Lett.",
      volume         = "116",
      year           = "2016",
      number         = "9",
      pages          = "091801",
      doi            = "10.1103/PhysRevLett.116.091801",
      eprint         = "1507.07926",
      archivePrefix  = "arXiv",
      primaryClass   = "hep-ph",
      reportNumber   = "IPPP-15-49, DCPT-15-98",
      SLACcitation   = "%%CITATION = ARXIV:1507.07926;%%"
}

@article{Mahlon:1995zn,
      author         = "Mahlon, Gregory and Parke, Stephen J.",
      title          = "{Angular correlations in top quark pair production and
                        decay at hadron colliders}",
      journal        = "Phys. Rev.",
      volume         = "D53",
      year           = "1996",
      pages          = "4886-4896",
      doi            = "10.1103/PhysRevD.53.4886",
      eprint         = "hep-ph/9512264",
      archivePrefix  = "arXiv",
      primaryClass   = "hep-ph",
      reportNumber   = "FERMILAB-PUB-95-362-T, UM-TH-95-26",
      SLACcitation   = "%%CITATION = HEP-PH/9512264;%%"
}

@article{Bishara:2016kjn,
      author         = "Bishara, Fady and Contino, Roberto and Rojo, Juan",
      title          = "{Higgs pair production in vector-boson fusion at the LHC
                        and beyond}",
      journal        = "Eur. Phys. J.",
      volume         = "C77",
      year           = "2017",
      number         = "7",
      pages          = "481",
      doi            = "10.1140/epjc/s10052-017-5037-9",
      eprint         = "1611.03860",
      archivePrefix  = "arXiv",
      primaryClass   = "hep-ph",
      SLACcitation   = "%%CITATION = ARXIV:1611.03860;%%"
}

% -- include here the bibtex style bibliography items for your section


%% references for di-Higgs HE-prospects (Homiller & Meade)

@article{Graesser:2012qy,
      author         = "Graesser, Michael L. and Shelton, Jessie",
      title          = "{Hunting Mixed Top Squark Decays}",
      journal        = "Phys. Rev. Lett.",
      volume         = "111",
      year           = "2013",
      number         = "12",
      pages          = "121802",
      doi            = "10.1103/PhysRevLett.111.121802",
      eprint         = "1212.4495",
      archivePrefix  = "arXiv",
      primaryClass   = "hep-ph",
      reportNumber   = "LA-UR-12-26897",
      SLACcitation   = "%%CITATION = ARXIV:1212.4495;%%"
}


@article{Goncalves:2018qas,
      author         = "GonÃ§alves, Dorival and Han, Tao and Kling, Felix and
                        Plehn, Tilman and Takeuchi, Michihisa",
      title          = "{Higgs boson pair production at future hadron colliders:
                        From kinematics to dynamics}",
      journal        = "Phys. Rev.",
      volume         = "D97",
      year           = "2018",
      number         = "11",
      pages          = "113004",
      doi            = "10.1103/PhysRevD.97.113004",
      eprint         = "1802.04319",
      archivePrefix  = "arXiv",
      primaryClass   = "hep-ph",
      reportNumber   = "PITT-PACC-1802, UCI-TR-2018-1, IPMU-18-0028",
      SLACcitation   = "%%CITATION = ARXIV:1802.04319;%%"
}
@article{27TeV:ttbar,
      author      = "Alexander Mitov",
      title          = "{Top pair production at a future 27 TeV HE-LHC}",
      eprint = "HE/HL-LHC Workshop, CERN",
      year           = "2015",
      reportNumber   = "CMS-PAS-FTR-15-002",
      SLACcitation   = "%%CITATION = CMS-PAS-FTR-15-002;%%"
}


@article{Demartin:2014fia,
      author         = "Demartin, Federico and Maltoni, Fabio and Mawatari,
                        Kentarou and Page, Ben and Zaro, Marco",
      title          = "{Higgs characterisation at NLO in QCD: CP properties of
                        the top-quark Yukawa interaction}",
      journal        = "Eur. Phys. J.",
      volume         = "C74",
      year           = "2014",
      number         = "9",
      pages          = "3065",
      doi            = "10.1140/epjc/s10052-014-3065-2",
      eprint         = "1407.5089",
      archivePrefix  = "arXiv",
      primaryClass   = "hep-ph",
      reportNumber   = "CP3-14-59, LPN14-096, MCNET-14-21",
      SLACcitation   = "%%CITATION = ARXIV:1407.5089;%%"
}

@article{Grazzini:2018bsd,
      author         = "Grazzini, Massimiliano and Heinrich, Gudrun and Jones,
                        Stephen and Kallweit, Stefan and Kerner, Matthias and
                        Lindert, Jonas M. and Mazzitelli, Javier",
      title          = "{Higgs boson pair production at NNLO with top quark mass
                        effects}",
      journal        = "JHEP",
      volume         = "05",
      year           = "2018",
      pages          = "059",
      doi            = "10.1007/JHEP05(2018)059",
      eprint         = "1803.02463",
      archivePrefix  = "arXiv",
      primaryClass   = "hep-ph",
      reportNumber   = "CERN-TH-2018-044, IPPP/18/15, MPP-2018-30, ZU-TH 10/18,
                        IPPP-18-15, ZU-TH-10-18",
      SLACcitation   = "%%CITATION = ARXIV:1803.02463;%%"
}

@article{Kim:2018uty,
      author         = "Kim, Jeong Han and Sakaki, Yasuhito and Son, Minho",
      title          = "{Combined analysis of double Higgs production via gluon
                        fusion at the HL-LHC in the effective field theory
                        approach}",
      journal        = "Phys. Rev.",
      volume         = "D98",
      year           = "2018",
      number         = "1",
      pages          = "015016",
      doi            = "10.1103/PhysRevD.98.015016",
      eprint         = "1801.06093",
      archivePrefix  = "arXiv",
      primaryClass   = "hep-ph",
      SLACcitation   = "%%CITATION = ARXIV:1801.06093;%%"
}
@article{Kling:2016lay,
      author         = "Kling, Felix and Plehn, Tilman and Schichtel, Peter",
      title          = "{Maximizing the significance in Higgs boson pair
                        analyses}",
      journal        = "Phys. Rev.",
      volume         = "D95",
      year           = "2017",
      number         = "3",
      pages          = "035026",
      doi            = "10.1103/PhysRevD.95.035026",
      eprint         = "1607.07441",
      archivePrefix  = "arXiv",
      primaryClass   = "hep-ph",
      reportNumber   = "FERMILAB-PUB-16-267-T, IPPP-16-72, MCNET-16-28",
      SLACcitation   = "%%CITATION = ARXIV:1607.07441;%%"
}

@article{Sirunyan:2017ezt,
      author         = "Sirunyan, A. M. and others",
      title          = "{Identification of heavy-flavour jets with the CMS
                        detector in pp collisions at 13 TeV}",
      collaboration  = "CMS",
      journal        = "JINST",
      volume         = "13",
      year           = "2018",
      number         = "05",
      pages          = "P05011",
      doi            = "10.1088/1748-0221/13/05/P05011",
      eprint         = "1712.07158",
      archivePrefix  = "arXiv",
      primaryClass   = "physics.ins-det",
      reportNumber   = "CMS-BTV-16-002, CERN-EP-2017-326",
      SLACcitation   = "%%CITATION = ARXIV:1712.07158;%%"
}

@article{Aaboud:2018knk,
      author         = "Aaboud, Morad and others",
      title          = "{Search for pair production of Higgs bosons in the
                        $b\bar{b}b\bar{b}$ final state using proton-proton
                        collisions at $\sqrt{s} = 13$ TeV with the ATLAS
                        detector}",
      collaboration  = "ATLAS",
      year           = "2018",
      eprint         = "1804.06174",
      archivePrefix  = "arXiv",
      primaryClass   = "hep-ex",
      reportNumber   = "CERN-EP-2018-029",
      SLACcitation   = "%%CITATION = ARXIV:1804.06174;%%"
}


@article{Cho:2007qv,
      author         = "Cho, Won Sang and Choi, Kiwoon and Kim, Yeong Gyun and
                        Park, Chan Beom",
      title          = "{Gluino Stransverse Mass}",
      journal        = "Phys. Rev. Lett.",
      volume         = "100",
      year           = "2008",
      pages          = "171801",
      doi            = "10.1103/PhysRevLett.100.171801",
      eprint         = "0709.0288",
      archivePrefix  = "arXiv",
      primaryClass   = "hep-ph",
      SLACcitation   = "%%CITATION = ARXIV:0709.0288;%%"
}

@article{Konar:2009qr,
      author         = "Konar, Partha and Kong, Kyoungchul and Matchev,
                        Konstantin T. and Park, Myeonghun",
      title          = "{Dark Matter Particle Spectroscopy at the LHC:
                        Generalizing M(T2) to Asymmetric Event Topologies}",
      journal        = "JHEP",
      volume         = "04",
      year           = "2010",
      pages          = "086",
      doi            = "10.1007/JHEP04(2010)086",
      eprint         = "0911.4126",
      archivePrefix  = "arXiv",
      primaryClass   = "hep-ph",
      reportNumber   = "SLAC-PUB-14918",
      SLACcitation   = "%%CITATION = ARXIV:0911.4126;%%"
}
@article{Konar:2009wn,
      author         = "Konar, Partha and Kong, Kyoungchul and Matchev,
                        Konstantin T. and Park, Myeonghun",
      title          = "{Superpartner Mass Measurement Technique using 1D
                        Orthogonal Decompositions of the Cambridge Transverse Mass
                        Variable $M_{T2}$}",
      journal        = "Phys. Rev. Lett.",
      volume         = "105",
      year           = "2010",
      pages          = "051802",
      doi            = "10.1103/PhysRevLett.105.051802",
      eprint         = "0910.3679",
      archivePrefix  = "arXiv",
      primaryClass   = "hep-ph",
      reportNumber   = "SLAC-PUB-14933",
      SLACcitation   = "%%CITATION = ARXIV:0910.3679;%%"
}

@article{Debnath:2017ktz,
      author         = "Debnath, Dipsikha and Kim, Doojin and Kim, Jeong Han and
                        Kong, Kyoungchul and Matchev, Konstantin T.",
      title          = "{Resolving Combinatorial Ambiguities in Dilepton $t\bar
                        t$ Event Topologies with Constrained $M_2$ Variables}",
      journal        = "Phys. Rev.",
      volume         = "D96",
      year           = "2017",
      number         = "7",
      pages          = "076005",
      doi            = "10.1103/PhysRevD.96.076005",
      eprint         = "1706.04995",
      archivePrefix  = "arXiv",
      primaryClass   = "hep-ph",
      reportNumber   = "CERN-TH-2017-130",
      SLACcitation   = "%%CITATION = ARXIV:1706.04995;%%"
}

@article{ATL-PHYS-PUB-2017-001,
      title          = "{Study of the double Higgs production channel $H(\to b\bar b)H(\to\gamma\gamma)$ with the ATLAS experiment at the HL-LHC}",
      collaboration  = "ATLAS",
      year           = "2017",
      reportNumber   = "ATL-PHYS-PUB-2017-001",
      SLACcitation   = "%%CITATION = CMS-PAS-FTR-15-002;%%"
}
@article{ATL-PHYS-PUB-2016-024,
      title          = "{Projected sensitivity to non-resonant Higgs boson pair production in the $b\bar b b \bar b$ final state using proton-proton collisions at HL-LHC with the ATLAS detector}",
      collaboration  = "ATLAS",
      year           = "2016",
      reportNumber   = "ATL-PHYS-PUB-2016-024",
      SLACcitation   = "%%CITATION = CMS-PAS-FTR-15-002;%%"
}


@article{CMS:2015nat,
      title          = "{Higgs pair production at the High Luminosity LHC}",
      collaboration  = "CMS",
      year           = "2015",
      reportNumber   = "CMS-PAS-FTR-15-002",
      SLACcitation   = "%%CITATION = CMS-PAS-FTR-15-002;%%"
}

@article{CMS:2017cwx,
      title          = "{Projected performance of Higgs analyses at the HL-LHC
                        for ECFA 2016}",
      collaboration  = "CMS",
      year           = "2017",
      reportNumber   = "CMS-PAS-FTR-16-002",
      SLACcitation   = "%%CITATION = CMS-PAS-FTR-16-002;%%"
}

@article{Adhikary:2017jtu,
      author         = "Adhikary, Amit and Banerjee, Shankha and Barman, Rahool
                        Kumar and Bhattacherjee, Biplob and Niyogi, Saurabh",
      title          = "{Revisiting the non-resonant Higgs pair production at the
                        HL-LHC}",
      journal        = "JHEP",
      volume         = "07",
      year           = "2018",
      pages          = "116",
      doi            = "10.1007/JHEP07(2018)116",
      eprint         = "1712.05346",
      archivePrefix  = "arXiv",
      primaryClass   = "hep-ph",
      reportNumber   = "LAPTH-062-17, IPPP-17-100, LAPTH-062/17, IPPP/17/100",
      SLACcitation   = "%%CITATION = ARXIV:1712.05346;%%"
}

@article{Kim:2018cxf,
      author         = "Kim, Jeong Han and Kong, Kyoungchul and Matchev,
                        Konstantin T. and Park, Myeonghun",
      title          = "{Measuring the Triple Higgs Self-Interaction at the Large
                        Hadron Collider}",
      year           = "2018",
      eprint         = "1807.11498",
      archivePrefix  = "arXiv",
      primaryClass   = "hep-ph",
      SLACcitation   = "%%CITATION = ARXIV:1807.11498;%%"
}
@article{Cho:2012er,
      author         = "Cho, Won Sang and Kim, Doojin and Matchev, Konstantin T.
                        and Park, Myeonghun",
      title          = "{Probing Resonance Decays to Two Visible and Multiple
                        Invisible Particles}",
      journal        = "Phys. Rev. Lett.",
      volume         = "112",
      year           = "2014",
      number         = "21",
      pages          = "211801",
      doi            = "10.1103/PhysRevLett.112.211801",
      eprint         = "1206.1546",
      archivePrefix  = "arXiv",
      primaryClass   = "hep-ph",
      reportNumber   = "CERN-PH-TH-2012-160, UMD-PP-012-006",
      SLACcitation   = "%%CITATION = ARXIV:1206.1546;%%"
}
@article{Barr:2011xt,
      author         = "Barr, A. J. and Khoo, T. J. and Konar, P. and Kong, K.
                        and Lester, C. G. and Matchev, K. T. and Park, M.",
      title          = "{Guide to transverse projections and mass-constraining
                        variables}",
      journal        = "Phys. Rev.",
      volume         = "D84",
      year           = "2011",
      pages          = "095031",
      doi            = "10.1103/PhysRevD.84.095031",
      eprint         = "1105.2977",
      archivePrefix  = "arXiv",
      primaryClass   = "hep-ph",
      reportNumber   = "CAV-HEP-11-08",
      SLACcitation   = "%%CITATION = ARXIV:1105.2977;%%"
}
@article{Konar:2010ma,
      author         = "Konar, Partha and Kong, Kyoungchul and Matchev,
                        Konstantin T. and Park, Myeonghun",
      title          = "{RECO level $\sqrt{s}_{min}$ and subsystem $\sqrt{s}_{min}$:
                        Improved global inclusive variables for measuring the new
                        physics mass scale in $\cancel E_T$ events at hadron colliders}",
      journal        = "JHEP",
      volume         = "06",
      year           = "2011",
      pages          = "041",
      doi            = "10.1007/JHEP06(2011)041",
      eprint         = "1006.0653",
      archivePrefix  = "arXiv",
      primaryClass   = "hep-ph",
      reportNumber   = "SLAC-PUB-14136",
      SLACcitation   = "%%CITATION = ARXIV:1006.0653;%%"
}
@article{Konar:2008ei,
      author         = "Konar, Partha and Kong, Kyoungchul and Matchev,
                        Konstantin T.",
      title          = "{$\sqrt{\hat{s}}_{min}$ : A Global inclusive variable for
                        determining the mass scale of new physics in events with
                        missing energy at hadron colliders}",
      journal        = "JHEP",
      volume         = "03",
      year           = "2009",
      pages          = "085",
      doi            = "10.1088/1126-6708/2009/03/085",
      eprint         = "0812.1042",
      archivePrefix  = "arXiv",
      primaryClass   = "hep-ph",
      reportNumber   = "FERMILAB-PUB-08-536-T, UFIFT-HEP-08-18",
      SLACcitation   = "%%CITATION = ARXIV:0812.1042;%%"
}
@article{Burns:2008va,
      author         = "Burns, Michael and Kong, Kyoungchul and Matchev,
                        Konstantin T. and Park, Myeonghun",
      title          = "{Using Subsystem MT2 for Complete Mass Determinations in
                        Decay Chains with Missing Energy at Hadron Colliders}",
      journal        = "JHEP",
      volume         = "03",
      year           = "2009",
      pages          = "143",
      doi            = "10.1088/1126-6708/2009/03/143",
      eprint         = "0810.5576",
      archivePrefix  = "arXiv",
      primaryClass   = "hep-ph",
      reportNumber   = "UFIFT-HEP-08-16, FERMILAB-PUB-08-497-T",
      SLACcitation   = "%%CITATION = ARXIV:0810.5576;%%"
}
@article{Lester:1999tx,
      author         = "Lester, C. G. and Summers, D. J.",
      title          = "{Measuring masses of semiinvisibly decaying particles
                        pair produced at hadron colliders}",
      journal        = "Phys. Lett.",
      volume         = "B463",
      year           = "1999",
      pages          = "99-103",
      doi            = "10.1016/S0370-2693(99)00945-4",
      eprint         = "hep-ph/9906349",
      archivePrefix  = "arXiv",
      primaryClass   = "hep-ph",
      reportNumber   = "CAVENDISH-HEP-99-07",
      SLACcitation   = "%%CITATION = HEP-PH/9906349;%%"
}


