
@techreport{ATLAS-CONF-2018-016,
      title         = "{Search for diboson resonances in hadronic final states in
                       79.8 fb$^{-1}$ of $pp$ collisions at $\sqrt{s} = 13$ TeV
                       with the ATLAS detector}",
      institution   = "CERN",
      collaboration = "ATLAS Collaboration",
      address       = "Geneva",
      number        = "ATLAS-CONF-2018-016",
      month         = "Jun",
      year          = "2018",
      reportNumber  = "ATLAS-CONF-2018-016",
      url           = "http://cds.cern.ch/record/2621302",
}


@article{Azatov:2014jga,
      author         = "Azatov, Aleksandr and Grojean, Christophe and Paul, Ayan
                        and Salvioni, Ennio",
      title          = "{Taming the Off-Shell Higgs Boson}",
      journal        = "Zh. Eksp. Teor. Fiz.",
      volume         = "147",
      year           = "2015",
      pages          = "410-425",
      doi            = "10.1134/S1063776115030140, 10.7868/S0044451015030039",
      note           = "[J. Exp. Theor. Phys.120,354(2015)]",
      eprint         = "1406.6338",
      archivePrefix  = "arXiv",
      primaryClass   = "hep-ph",
      reportNumber   = "CERN-PH-TH-2014-108",
      SLACcitation   = "%%CITATION = ARXIV:1406.6338;%%"
}



@article{Azatov:2016xik,
      author         = "Azatov, Aleksandr and Grojean, Christophe and Paul, Ayan
                        and Salvioni, Ennio",
      title          = "{Resolving Gluon Fusion Loops at Current and Future Hadron Colliders}",
      journal        = "JHEP",
      volume         = "09",
      year           = "2016",
      pages          = "123",
      doi            = "10.1007/JHEP09(2016)123",
      eprint         = "1608.00977",
      archivePrefix  = "arXiv",
      primaryClass   = "hep-ph",
      SLACcitation   = "%%CITATION = ARXIV:1608.00977;%%"
}

@article{CMS:2018mbt,
      author         = "CMS Collaboration",
      title          = "{Vector Boson Scattering prospective studies in the ZZ
                        fully leptonic decay channel for the High-Luminosity and
                        High-Energy LHC upgrades}",
      collaboration  = "CMS",
      year           = "2018",
      reportNumber   = "CMS-PAS-FTR-18-014",
      SLACcitation   = "%%CITATION = CMS-PAS-FTR-18-014;%%"
}

@article{Glover:1988rg,
      author         = "Glover, E. W. Nigel and van der Bij, J. J.",
      title          = "{Z Boson Pair Production via Gluon Fusion}",
      journal        = "Nucl. Phys.",
      volume         = "B321",
      year           = "1989",
      pages          = "561-590",
      doi            = "10.1016/0550-3213(89)90262-9",
      reportNumber   = "CERN-TH-5248/88",
      SLACcitation   = "%%CITATION = NUPHA,B321,561;%%"
}



@article{Panico:2017frx,
      author         = "Panico, Giuliano and Riva, Francesco and Wulzer, Andrea",
      title          = "{Diboson Interference Resurrection}",
      journal        = "Phys. Lett.",
      volume         = "B776",
      year           = "2018",
      pages          = "473-480",
      doi            = "10.1016/j.physletb.2017.11.068",
      eprint         = "1708.07823",
      archivePrefix  = "arXiv",
      primaryClass   = "hep-ph",
      reportNumber   = "CERN-TH-2017-185",
      SLACcitation   = "%%CITATION = ARXIV:1708.07823;%%"
}



@article{Gomez-Ambrosio:2018pnl,
      author         = "G\'omez-Ambrosio, Raquel",
      title          = "{Studies of Dimension-Six Eft Effects in Vector Boson Scattering}",
      year           = "2018",
      eprint         = "1809.04189",
      archivePrefix  = "arXiv",
      primaryClass   = "hep-ph",
      reportNumber   = "IPPP/18/78",
      SLACcitation   = "%%CITATION = ARXIV:1809.04189;%%"
}



@article{Borel:2012by,
      author         = "Borel, Pascal and Franceschini, Roberto and Rattazzi,
                        Riccardo and Wulzer, Andrea",
      title          = "{Probing the Scattering of Equivalent Electroweak Bosons}",
      journal        = "JHEP",
      volume         = "06",
      year           = "2012",
      pages          = "122",
      doi            = "10.1007/JHEP06(2012)122",
      eprint         = "1202.1904",
      archivePrefix  = "arXiv",
      primaryClass   = "hep-ph",
      reportNumber   = "PP-012-005",
      SLACcitation   = "%%CITATION = ARXIV:1202.1904;%%"
}



@article{Azatov:2016sqh,
      author         = "Azatov, Aleksandr and Contino, Roberto and Machado,
                        Camila S. and Riva, Francesco",
      title          = "{Helicity Selection Rules and Noninterference for Bsm Amplitudes}",
      journal        = "Phys. Rev.",
      volume         = "D95",
      year           = "2017",
      number         = "6",
      pages          = "065014",
      doi            = "10.1103/PhysRevD.95.065014",
      eprint         = "1607.05236",
      archivePrefix  = "arXiv",
      primaryClass   = "hep-ph",
      reportNumber   = "CERN-TH-2016-165",
      SLACcitation   = "%%CITATION = ARXIV:1607.05236;%%"
}



@article{Dixon:1993xd,
      author         = "Dixon, Lance J. and Shadmi, Yael",
      title          = "{Testing Gluon Selfinteractions in Three Jet Events at Hadron Colliders}",
      journal        = "Nucl. Phys.",
      volume         = "B423",
      year           = "1994",
      pages          = "3-32",
      doi            = "10.1016/0550-3213(94)90563-0,
                        10.1016/0550-3213(95)00450-7",
      note           = "[Erratum: Nucl. Phys.B452,724(1995)]",
      eprint         = "hep-ph/9312363",
      archivePrefix  = "arXiv",
      primaryClass   = "hep-ph",
      reportNumber   = "SLAC-PUB-6416",
      SLACcitation   = "%%CITATION = HEP-PH/9312363;%%"
}



@article{Azatov:2017kzw,
      author         = "Azatov, A. and Elias-Miro, J. and Reyimuaji, Y. and
                        Venturini, E.",
      title          = "{Novel Measurements of Anomalous Triple Gauge Couplings for the Lhc}",
      journal        = "JHEP",
      volume         = "10",
      year           = "2017",
      pages          = "027",
      doi            = "10.1007/JHEP10(2017)027",
      eprint         = "1707.08060",
      archivePrefix  = "arXiv",
      primaryClass   = "hep-ph",
      reportNumber   = "SISSA-35-2017-FISI",
      SLACcitation   = "%%CITATION = ARXIV:1707.08060;%%"
}



@article{Grzadkowski:2010es,
      author         = "Grzadkowski, B. and Iskrzynski, M. and Misiak, M. and
                        Rosiek, J.",
      title          = "{Dimension-Six Terms in the Standard Model Lagrangian}",
      journal        = "JHEP",
      volume         = "10",
      year           = "2010",
      pages          = "085",
      doi            = "10.1007/JHEP10(2010)085",
      eprint         = "1008.4884",
      archivePrefix  = "arXiv",
      primaryClass   = "hep-ph",
      reportNumber   = "IFT-9-2010, TTP10-35",
      SLACcitation   = "%%CITATION = ARXIV:1008.4884;%%"
}



@article{Franceschini:2017xkh,
      author         = "Franceschini, Roberto and Panico, Giuliano and Pomarol,
                        Alex and Riva, Francesco and Wulzer, Andrea",
      title          = "{Electroweak Precision Tests in High-Energy Diboson Processes}",
      journal        = "JHEP",
      volume         = "02",
      year           = "2018",
      pages          = "111",
      doi            = "10.1007/JHEP02(2018)111",
      eprint         = "1712.01310",
      archivePrefix  = "arXiv",
      primaryClass   = "hep-ph",
      reportNumber   = "CERN-TH-2017-252, RM3-TH-17-1",
      SLACcitation   = "%%CITATION = ARXIV:1712.01310;%%"
}



@article{Farina:2016rws,
      author         = "Farina, Marco and Panico, Giuliano and Pappadopulo,
                        Duccio and Ruderman, Joshua T. and Torre, Riccardo and
                        Wulzer, Andrea",
      title          = "{Energy Helps Accuracy: Electroweak Precision Tests at Hadron Colliders}",
      journal        = "Phys. Lett.",
      volume         = "B772",
      year           = "2017",
      pages          = "210-215",
      doi            = "10.1016/j.physletb.2017.06.043",
      eprint         = "1609.08157",
      archivePrefix  = "arXiv",
      primaryClass   = "hep-ph",
      SLACcitation   = "%%CITATION = ARXIV:1609.08157;%%"
}



@article{Alioli:2017jdo,
      author         = "Alioli, Simone and Farina, Marco and Pappadopulo, Duccio
                        and Ruderman, Joshua T.",
      title          = "{Precision Probes of QCD at High Energies}",
      journal        = "JHEP",
      volume         = "07",
      year           = "2017",
      pages          = "097",
      doi            = "10.1007/JHEP07(2017)097",
      eprint         = "1706.03068",
      archivePrefix  = "arXiv",
      primaryClass   = "hep-ph",
      SLACcitation   = "%%CITATION = ARXIV:1706.03068;%%"
}



@article{Contino:2016jqw,
      author         = "Contino, Roberto and Falkowski, Adam and Goertz, Florian
                        and Grojean, Christophe and Riva, Francesco",
      title          = "{On the Validity of the Effective Field Theory Approach to Sm Precision Tests}",
      journal        = "JHEP",
      volume         = "07",
      year           = "2016",
      pages          = "144",
      doi            = "10.1007/JHEP07(2016)144",
      eprint         = "1604.06444",
      archivePrefix  = "arXiv",
      primaryClass   = "hep-ph",
      reportNumber   = "DESY-16-067, CERN-TH-2016-082, LPT-Orsay-16-32",
      SLACcitation   = "%%CITATION = ARXIV:1604.06444;%%"
}




%%% contains utf-8, see: http://inspirehep.net/info/faq/general#utf8
%%% add \usepackage[utf8]{inputenc} to your latex preamble

@article{Biekoetter:2014jwa,
      author         = "Biek√∂tter, Anke and Knochel, Alexander and Kr√§mer,
                        Michael and Liu, Da and Riva, Francesco",
      title          = "{Vices and virtues of Higgs effective field theories at
                        large energy}",
      journal        = "Phys. Rev.",
      volume         = "D91",
      year           = "2015",
      pages          = "055029",
      doi            = "10.1103/PhysRevD.91.055029",
      eprint         = "1406.7320",
      archivePrefix  = "arXiv",
      primaryClass   = "hep-ph",
      SLACcitation   = "%%CITATION = ARXIV:1406.7320;%%"
}



@article{Pobbe:2017wrj,
      author         = "Pobbe, F. and Wulzer, A. and Zanetti, M.",
      title          = "{Setting Limits on Effective Field Theories: the Case of Dark Matter}",
      year           = "2017",
      eprint         = "1704.00736",
      archivePrefix  = "arXiv",
      primaryClass   = "hep-ph",
      SLACcitation   = "%%CITATION = ARXIV:1704.00736;%%"
}



@article{Banerjee:2018bio,
      author         = "Banerjee, Shankha and Englert, Christoph and Gupta, Rick
                        S. and Spannowsky, Michael",
      title          = "{Probing Electroweak Precision Physics via Boosted Higgs-Strahlung at the Lhc}",
      journal        = "Phys. Rev.",
      volume         = "D98",
      year           = "2018",
      number         = "9",
      pages          = "095012",
      doi            = "10.1103/PhysRevD.98.095012",
      eprint         = "1807.01796",
      archivePrefix  = "arXiv",
      primaryClass   = "hep-ph",
      reportNumber   = "IPPP/18/53, IPPP-18-53",
      SLACcitation   = "%%CITATION = ARXIV:1807.01796;%%"
}



@article{Pomarol:2013zra,
      author         = "Pomarol, Alex and Riva, Francesco",
      title          = "{Towards the Ultimate Sm Fit to Close in on Higgs Physics}",
      journal        = "JHEP",
      volume         = "01",
      year           = "2014",
      pages          = "151",
      doi            = "10.1007/JHEP01(2014)151",
      eprint         = "1308.2803",
      archivePrefix  = "arXiv",
      primaryClass   = "hep-ph",
      SLACcitation   = "%%CITATION = ARXIV:1308.2803;%%"
}



@article{Elias-Miro:2013mua,
      author         = "Elias-Miro, J. and Espinosa, J.R. and Masso, E. and
                        Pomarol, A.",
      title          = "{Higgs Windows to New Physics Through D=6 Operators:                         Constraints and One-Loop Anomalous Dimensions}",
      journal        = "JHEP",
      volume         = "1311",
      pages          = "066",
      doi            = "10.1007/JHEP11(2013)066",
      year           = "2013",
      eprint         = "1308.1879",
      archivePrefix  = "arXiv",
      primaryClass   = "hep-ph",
      SLACcitation   = "%%CITATION = ARXIV:1308.1879;%%",
}



@article{Wulzer:2013mza,
      author         = "Wulzer, Andrea",
      title          = "{An Equivalent Gauge and the Equivalence Theorem}",
      journal        = "Nucl. Phys.",
      volume         = "B885",
      year           = "2014",
      pages          = "97-126",
      doi            = "10.1016/j.nuclphysb.2014.05.021",
      eprint         = "1309.6055",
      archivePrefix  = "arXiv",
      primaryClass   = "hep-ph",
      SLACcitation   = "%%CITATION = ARXIV:1309.6055;%%"
}



@article{Cornwall:1974km,
      author         = "Cornwall, John M. and Levin, David N. and Tiktopoulos,
                        George",
      title          = "{Derivation of Gauge Invariance from High-Energy Unitarity Bounds on the S Matrix}",
      journal        = "Phys. Rev.",
      volume         = "D10",
      year           = "1974",
      pages          = "1145",
      doi            = "10.1103/PhysRevD.10.1145, 10.1103/PhysRevD.11.972",
      note           = "[Erratum: Phys. Rev.D11,972(1975)]",
      reportNumber   = "UCLA-74-TEP-2",
      SLACcitation   = "%%CITATION = PHRVA,D10,1145;%%"
}



@article{deFlorian:2016spz,
      author         = "de Florian, D. and others",
      title          = "{Handbook of Lhc Higgs Cross Sections: 4. Deciphering the Nature of the Higgs Sector}",
      collaboration  = "LHC Higgs Cross Section Working Group",
      doi            = "10.23731/CYRM-2017-002",
      year           = "2016",
      eprint         = "1610.07922",
      archivePrefix  = "arXiv",
      primaryClass   = "hep-ph",
      reportNumber   = "FERMILAB-FN-1025-T, CERN-2017-002-M",
      SLACcitation   = "%%CITATION = ARXIV:1610.07922;%%"
}



@article{Gonzalez-Alonso:2014eva,
      author         = "Gonzalez-Alonso, Martin and Greljo, Admir and Isidori,
                        Gino and Marzocca, David",
      title          = "{Pseudo-Observables in Higgs Decays}",
      journal        = "Eur. Phys. J.",
      volume         = "C75",
      year           = "2015",
      pages          = "128",
      doi            = "10.1140/epjc/s10052-015-3345-5",
      eprint         = "1412.6038",
      archivePrefix  = "arXiv",
      primaryClass   = "hep-ph",
      SLACcitation   = "%%CITATION = ARXIV:1412.6038;%%"
}



@article{Gupta:2014rxa,
      author         = "Gupta, Rick S. and Pomarol, Alex and Riva, Francesco",
      title          = "{Bsm Primary Effects}",
      journal        = "Phys. Rev.",
      volume         = "D91",
      year           = "2015",
      number         = "3",
      pages          = "035001",
      doi            = "10.1103/PhysRevD.91.035001",
      eprint         = "1405.0181",
      archivePrefix  = "arXiv",
      primaryClass   = "hep-ph",
      SLACcitation   = "%%CITATION = ARXIV:1405.0181;%%"
}



@article{Heinemeyer:2013tqa,
      author         = "Andersen, J R and others",
      editor         = "Heinemeyer, S and Mariotti, C and Passarino, G and
                        Tanaka, R",
      title          = "{Handbook of Lhc Higgs Cross Sections: 3. Higgs Properties}",
      collaboration  = "LHC Higgs Cross Section Working Group",
      doi            = "10.5170/CERN-2013-004",
      year           = "2013",
      eprint         = "1307.1347",
      archivePrefix  = "arXiv",
      primaryClass   = "hep-ph",
      reportNumber   = "CERN-2013-004, FERMILAB-CONF-13-667-T",
      SLACcitation   = "%%CITATION = ARXIV:1307.1347;%%"
}



@article{Alwall:2014hca,
      author         = "Alwall, J. and Frederix, R. and Frixione, S. and Hirschi,
                        V. and Maltoni, F. and Mattelaer, O. and Shao, H. -S. and
                        Stelzer, T. and Torrielli, P. and Zaro, M.",
      title          = "{The Automated Computation of Tree-Level and Next-To-Leading Order Differential Cross Sections, and Their Matching to Parton Shower Simulations}",
      journal        = "JHEP",
      volume         = "07",
      year           = "2014",
      pages          = "079",
      doi            = "10.1007/JHEP07(2014)079",
      eprint         = "1405.0301",
      archivePrefix  = "arXiv",
      primaryClass   = "hep-ph",
      reportNumber   = "CERN-PH-TH-2014-064, CP3-14-18, LPN14-066, MCNET-14-09,
                        ZU-TH-14-14",
      SLACcitation   = "%%CITATION = ARXIV:1405.0301;%%"
}



@article{Christensen:2008py,
      author         = "Christensen, Neil D. and Duhr, Claude",
      title          = "{Feynrules - Feynman Rules Made Easy}",
      journal        = "Comput. Phys. Commun.",
      volume         = "180",
      year           = "2009",
      pages          = "1614-1641",
      doi            = "10.1016/j.cpc.2009.02.018",
      eprint         = "0806.4194",
      archivePrefix  = "arXiv",
      primaryClass   = "hep-ph",
      reportNumber   = "MSUHEP-080616, CP3-08-20",
      SLACcitation   = "%%CITATION = ARXIV:0806.4194;%%"
}



@article{Chanowitz:1985hj,
      author         = "Chanowitz, Michael S. and Gaillard, Mary K.",
      title          = "{The TeV Physics of Strongly Interacting W's and Z's}",
      journal        = "Nucl. Phys.",
      volume         = "B261",
      year           = "1985",
      pages          = "379-431",
      doi            = "10.1016/0550-3213(85)90580-2",
      reportNumber   = "LBL-19470, UCB-PTH-85/19",
      SLACcitation   = "%%CITATION = NUPHA,B261,379;%%"
}



@article{Giudice:2007fh,
      author         = "Giudice, G. F. and Grojean, C. and Pomarol, A. and
                        Rattazzi, R.",
      title          = "{The Strongly-Interacting Light Higgs}",
      journal        = "JHEP",
      volume         = "06",
      year           = "2007",
      pages          = "045",
      doi            = "10.1088/1126-6708/2007/06/045",
      eprint         = "hep-ph/0703164",
      archivePrefix  = "arXiv",
      primaryClass   = "hep-ph",
      reportNumber   = "CERN-PH-TH-2007-47",
      SLACcitation   = "%%CITATION = HEP-PH/0703164;%%"
}



@article{Contino:2013gna,
      author         = "Contino, Roberto and Grojean, Christophe and Pappadopulo,
                        Duccio and Rattazzi, Riccardo and Thamm, Andrea",
      title          = "{Strong Higgs Interactions at a Linear Collider}",
      journal        = "JHEP",
      volume         = "02",
      year           = "2014",
      pages          = "006",
      doi            = "10.1007/JHEP02(2014)006",
      eprint         = "1309.7038",
      archivePrefix  = "arXiv",
      primaryClass   = "hep-ph",
      reportNumber   = "CERN-PH-TH-2013-161",
      SLACcitation   = "%%CITATION = ARXIV:1309.7038;%%"
}



@article{Contino:2010mh,
      author         = "Contino, Roberto and Grojean, Christophe and Moretti,
                        Mauro and Piccinini, Fulvio and Rattazzi, Riccardo",
      title          = "{Strong Double Higgs Production at the Lhc}",
      journal        = "JHEP",
      volume         = "05",
      year           = "2010",
      pages          = "089",
      doi            = "10.1007/JHEP05(2010)089",
      eprint         = "1002.1011",
      archivePrefix  = "arXiv",
      primaryClass   = "hep-ph",
      SLACcitation   = "%%CITATION = ARXIV:1002.1011;%%"
}



@article{Bishara:2016kjn,
      author         = "Bishara, Fady and Contino, Roberto and Rojo, Juan",
      title          = "{Higgs Pair Production in Vector-Boson Fusion at the Lhc and Beyond}",
      journal        = "Eur. Phys. J.",
      volume         = "C77",
      year           = "2017",
      number         = "7",
      pages          = "481",
      doi            = "10.1140/epjc/s10052-017-5037-9",
      eprint         = "1611.03860",
      archivePrefix  = "arXiv",
      primaryClass   = "hep-ph",
      SLACcitation   = "%%CITATION = ARXIV:1611.03860;%%"
}



@article{CMS:2018zxa,
      author         = "CMS Collaboration",
      title          = "{Study of W$^\pm$W$^\pm$ production via vector boson
                        scattering at the HL-LHC with the upgraded CMS detector}",
      collaboration  = "CMS",
      year           = "2018",
      reportNumber   = "CMS-PAS-FTR-18-005",
      SLACcitation   = "%%CITATION = CMS-PAS-FTR-18-005;%%"
}




%%% contains utf-8, see: http://inspirehep.net/info/faq/general#utf8
%%% add \usepackage[utf8]{inputenc} to your latex preamble

@article{Falkowski:2015wza,
      author         = "Falkowski, Adam and Fuks, Benjamin and Mawatari, Kentarou
                        and Mimasu, Ken and Riva, Francesco and Sanz, Ver√≥nica",
      title          = "{Rosetta: an operator basis translator for Standard Model
                        effective field theory}",
      journal        = "Eur. Phys. J.",
      volume         = "C75",
      year           = "2015",
      number         = "12",
      pages          = "583",
      doi            = "10.1140/epjc/s10052-015-3806-x",
      eprint         = "1508.05895",
      archivePrefix  = "arXiv",
      primaryClass   = "hep-ph",
      reportNumber   = "MCNET-15-25",
      SLACcitation   = "%%CITATION = ARXIV:1508.05895;%%"
}



@article{DiVita:2017eyz,
      author         = "Di Vita, Stefano and Grojean, Christophe and Panico,
                        Giuliano and Riembau, Marc and Vantalon, Thibaud",
      title          = "{A Global View on the Higgs Self-Coupling}",
      year           = "2017",
      eprint         = "1704.01953",
      archivePrefix  = "arXiv",
      primaryClass   = "hep-ph",
      reportNumber   = "DESY-17-044",
      SLACcitation   = "%%CITATION = ARXIV:1704.01953;%%"
}



@article{Degrande:2018fog,
      author         = "Degrande, Celine and Maltoni, Fabio and Mimasu, Ken and
                        Vryonidou, Eleni and Zhang, Cen",
      title          = "{Single-top associated production with a $Z$ or $H$ boson
                        at the LHC: the SMEFT interpretation}",
      journal        = "JHEP",
      volume         = "10",
      year           = "2018",
      pages          = "005",
      doi            = "10.1007/JHEP10(2018)005",
      eprint         = "1804.07773",
      archivePrefix  = "arXiv",
      primaryClass   = "hep-ph",
      reportNumber   = "CERN-TH-2018-092",
      SLACcitation   = "%%CITATION = ARXIV:1804.07773;%%"
}



@article{Eboli:2006wa,
      author         = "Eboli, O. J. P. and Gonzalez-Garcia, M. C. and Mizukoshi,
                        J. K.",
      title          = "{P P ---\&Gt; J J E+- Mu+- Nu Nu and J J E+- Mu-+ Nu Nu at O(                         Alpha(Em$ )^6$) and O(Alpha(Em$ )^4$ Alpha(S$ )^2$) for the Study of the Quartic Electroweak Gauge Boson Vertex at Cern Lhc}",
      journal        = "Phys. Rev.",
      volume         = "D74",
      year           = "2006",
      pages          = "073005",
      doi            = "10.1103/PhysRevD.74.073005",
      eprint         = "hep-ph/0606118",
      archivePrefix  = "arXiv",
      primaryClass   = "hep-ph",
      reportNumber   = "YITP-SB-06-10, IFUSP-1620-2006",
      SLACcitation   = "%%CITATION = HEP-PH/0606118;%%"
}



@article{Aaboud:2018urx,
      author         = "Aaboud, M. and others",
      title          = "{Observation of Higgs Boson Production in Association with a Top Quark Pair at the Lhc with the Atlas Detector}",
      collaboration  = "ATLAS",
      journal        = "Phys. Lett.",
      volume         = "B784",
      year           = "2018",
      pages          = "173-191",
      doi            = "10.1016/j.physletb.2018.07.035",
      eprint         = "1806.00425",
      archivePrefix  = "arXiv",
      primaryClass   = "hep-ex",
      reportNumber   = "CERN-EP-2018-138",
      SLACcitation   = "%%CITATION = ARXIV:1806.00425;%%"
}



@article{Cacciapaglia:2014rla,
      author         = "Cacciapaglia, Giacomo and Deandrea, Aldo and Drieu La
                        Rochelle, Guillaume and Flament, Jean-Baptiste",
      title          = "{Higgs Couplings: Disentangling New Physics with Off-Shell Measurements}",
      journal        = "Phys. Rev. Lett.",
      volume         = "113",
      year           = "2014",
      number         = "20",
      pages          = "201802",
      doi            = "10.1103/PhysRevLett.113.201802",
      eprint         = "1406.1757",
      archivePrefix  = "arXiv",
      primaryClass   = "hep-ph",
      SLACcitation   = "%%CITATION = ARXIV:1406.1757;%%"
}



@article{Azatov:2015oxa,
      author         = "Azatov, Aleksandr and Contino, Roberto and Panico,
                        Giuliano and Son, Minho",
      title          = "{Effective Field Theory Analysis of Double Higgs Boson Production via Gluon Fusion}",
      journal        = "Phys. Rev.",
      volume         = "D92",
      year           = "2015",
      number         = "3",
      pages          = "035001",
      doi            = "10.1103/PhysRevD.92.035001",
      eprint         = "1502.00539",
      archivePrefix  = "arXiv",
      primaryClass   = "hep-ph",
      reportNumber   = "CERN-PH-TH-2015-015",
      SLACcitation   = "%%CITATION = ARXIV:1502.00539;%%"
}

@techreport{ATL-PHYS-PUB-2017-001,
	title         = "{Study of the double Higgs production channel
	$H(\rightarrow b\bar{b})H(\rightarrow \gamma\gamma)$ with
	the ATLAS experiment at the HL-LHC}",
	institution   = "CERN",
	collaboration = "ATLAS Collaboration",
	address       = "Geneva",
	number        = "ATL-PHYS-PUB-2017-001",
	month         = "Jan",
	year          = "2017",
	reportNumber  = "ATL-PHYS-PUB-2017-001",
	url           = "http://cds.cern.ch/record/2243387",
}

@article{Khachatryan:2015hwa,
	author         = "Khachatryan, Vardan and others",
	title          = "{Performance of Electron Reconstruction and Selection
	with the CMS Detector in Proton-Proton Collisions at
	‚àös = 8  TeV}",
	collaboration  = "CMS",
	journal        = "JINST",
	volume         = "10",
	year           = "2015",
	number         = "06",
	pages          = "P06005",
	doi            = "10.1088/1748-0221/10/06/P06005",
	eprint         = "1502.02701",
	archivePrefix  = "arXiv",
	primaryClass   = "physics.ins-det",
	reportNumber   = "CMS-EGM-13-001, CERN-PH-EP-2015-004",
	SLACcitation   = "%%CITATION = ARXIV:1502.02701;%%"
}


@article{Lee:2018xtt,
      author         = "Lee, Junho and Chanon, Nicolas and Levin, Andrew and Li,
                        Jing and Lu, Meng and Li, Qiang and Mao, Yajun",
      title          = "{Polarization Fraction Measurement in Same Sign Ww Scattering Using Deep Learning}",
      year           = "2018",
      eprint         = "1812.07591",
      archivePrefix  = "arXiv",
      primaryClass   = "hep-ph",
      SLACcitation   = "%%CITATION = ARXIV:1812.07591;%%"
}



@article{Barbieri:2004qk,
      author         = "Barbieri, Riccardo and Pomarol, Alex and Rattazzi,
                        Riccardo and Strumia, Alessandro",
      title          = "{Electroweak Symmetry Breaking After Lep-1 and Lep-2}",
      journal        = "Nucl. Phys.",
      volume         = "B703",
      year           = "2004",
      pages          = "127-146",
      doi            = "10.1016/j.nuclphysb.2004.10.014",
      eprint         = "hep-ph/0405040",
      archivePrefix  = "arXiv",
      primaryClass   = "hep-ph",
      reportNumber   = "CERN-PH-TH-2004-075, IFUP-TH-2004-13, UAB-FT-565",
      SLACcitation   = "%%CITATION = HEP-PH/0405040;%%"
}



@article{Peskin:1991sw,
      author         = "Peskin, Michael E. and Takeuchi, Tatsu",
      title          = "{Estimation of Oblique Electroweak Corrections}",
      journal        = "Phys. Rev.",
      volume         = "D46",
      year           = "1992",
      pages          = "381-409",
      doi            = "10.1103/PhysRevD.46.381",
      reportNumber   = "SLAC-PUB-5618",
      SLACcitation   = "%%CITATION = PHRVA,D46,381;%%"
}

@article{Aaboud:2017pds,
	author         = "Aaboud, Morad and others",
	title          = "{Studies of $Z\gamma$ production in association with a
	high-mass dijet system in $pp$ collisions at $\sqrt{s}=$ 8
	TeV with the ATLAS detector}",
	collaboration  = "ATLAS",
	journal        = "JHEP",
	volume         = "07",
	year           = "2017",
	pages          = "107",
	doi            = "10.1007/JHEP07(2017)107",
	eprint         = "1705.01966",
	archivePrefix  = "arXiv",
	primaryClass   = "hep-ex",
	reportNumber   = "CERN-EP-2017-046",
	SLACcitation   = "%%CITATION = ARXIV:1705.01966;%%"
}

@article{,
	author         = "Aad, Georges and others",
	title          = "{Evidence for Electroweak Production of
	$W^{\pm}W^{\pm}jj$ in $pp$ Collisions at $\sqrt{s}=8$ TeV
	with the ATLAS Detector}",
	collaboration  = "ATLAS",
	journal        = "Phys. Rev. Lett.",
	volume         = "113",
	year           = "2014",
	number         = "14",
	pages          = "141803",
	doi            = "10.1103/PhysRevLett.113.141803",
	eprint         = "1405.6241",
	archivePrefix  = "arXiv",
	primaryClass   = "hep-ex",
	reportNumber   = "CERN-PH-EP-2014-079",
	SLACcitation   = "%%CITATION = ARXIV:1405.6241;%%"
}

@article{Aad:2014zda,
      author         = "Aad, Georges and others",
      title          = "{Evidence for Electroweak Production of
                        $W^{\pm}W^{\pm}jj$ in $pp$ Collisions at $\sqrt{s}=8$ TeV
                        with the ATLAS Detector}",
      collaboration  = "ATLAS",
      journal        = "Phys. Rev. Lett.",
      volume         = "113",
      year           = "2014",
      number         = "14",
      pages          = "141803",
      doi            = "10.1103/PhysRevLett.113.141803",
      eprint         = "1405.6241",
      archivePrefix  = "arXiv",
      primaryClass   = "hep-ex",
      reportNumber   = "CERN-PH-EP-2014-079",
      SLACcitation   = "%%CITATION = ARXIV:1405.6241;%%"
}



@article{Brehmer:2018kdj,
      author         = "Brehmer, Johann and Cranmer, Kyle and Louppe, Gilles and
                        Pavez, Juan",
      title          = "{Constraining Effective Field Theories with Machine Learning}",
      journal        = "Phys. Rev. Lett.",
      volume         = "121",
      year           = "2018",
      number         = "11",
      pages          = "111801",
      doi            = "10.1103/PhysRevLett.121.111801",
      eprint         = "1805.00013",
      archivePrefix  = "arXiv",
      primaryClass   = "hep-ph",
      SLACcitation   = "%%CITATION = ARXIV:1805.00013;%%"
}



@article{DAgnolo:2018cun,
      author         = "D'Agnolo, Raffaele Tito and Wulzer, Andrea",
      title          = "{Learning New Physics from a Machine}",
      year           = "2018",
      eprint         = "1806.02350",
      archivePrefix  = "arXiv",
      primaryClass   = "hep-ph",
      SLACcitation   = "%%CITATION = ARXIV:1806.02350;%%"
}

@article{Henning:2018kys,
	author         = "Henning, Brian and Lombardo, Davide and Riembau, Marc and
	Riva, Francesco",
	title          = "{Higgs Couplings without the Higgs}",
	year           = "2018",
	eprint         = "1812.09299",
	archivePrefix  = "arXiv",
	primaryClass   = "hep-ph",
	SLACcitation   = "%%CITATION = ARXIV:1812.09299;%%"
}




% -- include here the bibtex style bibliography items for your section
@article{Frederix:2014hta,
      author         = "Frederix, R. and Frixione, S. and Hirschi, V. and
                        Maltoni, F. and Mattelaer, O. and Torrielli, P. and
                        Vryonidou, E. and Zaro, M.",
      title          = "{Higgs pair production at the LHC with NLO and
                        parton-shower effects}",
      journal        = "Phys. Lett.",
      volume         = "B732",
      year           = "2014",
      pages          = "142-149",
      doi            = "10.1016/j.physletb.2014.03.026",
      eprint         = "1401.7340",
      archivePrefix  = "arXiv",
      primaryClass   = "hep-ph",
      reportNumber   = "CERN-PH-TH-2014-014, CP3-14-07, ZU-TH03-14, LPN14-055",
      SLACcitation   = "%%CITATION = ARXIV:1401.7340;%%"
}

@article{Liu:2018qtb,
      author         = "Liu, Da and Low, Ian and Yin, Zhewei",
      title          = "{Universal Relations in Composite Higgs Models}",
      year           = "2018",
      eprint         = "1809.09126",
      archivePrefix  = "arXiv",
      primaryClass   = "hep-ph",
      SLACcitation   = "%%CITATION = ARXIV:1809.09126;%%"
}


@article{Liu:2018vel,
      author         = "Liu, Da and Low, Ian and Yin, Zhewei",
      title          = "{Universal Imprints of a Pseudo-Nambu-Goldstone Higgs
                        Boson}",
      year           = "2018",
      eprint         = "1805.00489",
      archivePrefix  = "arXiv",
      primaryClass   = "hep-ph",
      reportNumber   = "CERN-TH-2018-100",
      SLACcitation   = "%%CITATION = ARXIV:1805.00489;%%"
}



%%% contains utf-8, see: http://inspirehep.net/info/faq/general#utf8
%%% add \usepackage[utf8]{inputenc} to your latex preamble

@article{Low:2014nga,
      author         = "Low, Ian",
      title          = "{AdlerÔøΩs zero and effective Lagrangians for nonlinearly
                        realized symmetry}",
      journal        = "Phys. Rev.",
      volume         = "D91",
      year           = "2015",
      number         = "10",
      pages          = "105017",
      doi            = "10.1103/PhysRevD.91.105017",
      eprint         = "1412.2145",
      archivePrefix  = "arXiv",
      primaryClass   = "hep-th",
      SLACcitation   = "%%CITATION = ARXIV:1412.2145;%%"
}


@article{Low:2014oga,
      author         = "Low, Ian",
      title          = "{Minimally symmetric Higgs boson}",
      journal        = "Phys. Rev.",
      volume         = "D91",
      year           = "2015",
      number         = "11",
      pages          = "116005",
      doi            = "10.1103/PhysRevD.91.116005",
      eprint         = "1412.2146",
      archivePrefix  = "arXiv",
      primaryClass   = "hep-ph",
      SLACcitation   = "%%CITATION = ARXIV:1412.2146;%%"
}


@article{Sirunyan:2017tqd,
      author         = "Sirunyan, Albert M and others",
      title          = "{Constraints on anomalous Higgs boson couplings using
                        production and decay information in the four-lepton final
                        state}",
      collaboration  = "CMS",
      journal        = "Phys. Lett.",
      volume         = "B775",
      year           = "2017",
      pages          = "1-24",
      doi            = "10.1016/j.physletb.2017.10.021",
      eprint         = "1707.00541",
      archivePrefix  = "arXiv",
      primaryClass   = "hep-ex",
      reportNumber   = "CMS-HIG-17-011, CERN-EP-2017-143",
      SLACcitation   = "%%CITATION = ARXIV:1707.00541;%%"
}



@article{Kalinowski:2018oxd,
      author         = "Kalinowski, Jan and Kozow, Pawel and Pokorski, Stefan
                        and Rosiek, Janusz and Szleper, Michal and Tkaczyk,
                        Slawomir",
      title          = "{Same-sign WW scattering at the LHC: can we discover BSM
                        effects before discovering new states?}",
      journal        = "Eur. Phys. J.",
      volume         = "C78",
      year           = "2018",
      number         = "5",
      pages          = "403",
      doi            = "10.1140/epjc/s10052-018-5885-y",
      eprint         = "1802.02366",
      archivePrefix  = "arXiv",
      primaryClass   = "hep-ph",
      reportNumber   = "CERN-TH-2017-269, FERMILAB-PUB-18-033-E,
                        CERN-TH-2017-269",
      SLACcitation   = "%%CITATION = ARXIV:1802.02366;%%"
}

@article{Khachatryan:2016vau,
      author         = "Aad, Georges and others",
      title          = "{Measurements of the Higgs boson production and decay
                        rates and constraints on its couplings from a combined
                        ATLAS and CMS analysis of the LHC pp collision data at $
                        \sqrt{s}=7 $ and 8 TeV}",
      collaboration  = "ATLAS, CMS",
      journal        = "JHEP",
      volume         = "08",
      year           = "2016",
      pages          = "045",
      doi            = "10.1007/JHEP08(2016)045",
      eprint         = "1606.02266",
      archivePrefix  = "arXiv",
      primaryClass   = "hep-ex",
      reportNumber   = "CERN-EP-2016-100, ATLAS-HIGG-2015-07, CMS-HIG-15-002",
      SLACcitation   = "%%CITATION = ARXIV:1606.02266;%%"
}


@article{ATLAS:2016iqc,
      author         = "The ATLAS collaboration",
      title          = "{Electron efficiency measurements with the ATLAS detector
                        using the 2015 LHC proton-proton collision data}",
      collaboration  = "ATLAS",
      year           = "2016",
      reportNumber   = "ATLAS-CONF-2016-024",
      SLACcitation   = "%%CITATION = ATLAS-CONF-2016-024;%%"
}


@article{Franceschini:2017ab,
      author         = "Franceschini, Roberto and Panico, Giuliano and Pomarol,
                        Alex and Riva, Francesco and Wulzer, Andrea",
      title          = "{Electroweak Precision Tests in High-Energy Diboson
                        Processes}",
      journal        = "JHEP",
      volume         = "02",
      year           = "2018",
      pages          = "111",
      doi            = "10.1007/JHEP02(2018)111",
      eprint         = "1712.01310",
      archivePrefix  = "arXiv",
      primaryClass   = "hep-ph",
      reportNumber   = "CERN-TH-2017-252, RM3-TH-17-1",
      SLACcitation   = "%%CITATION = ARXIV:1712.01310;%%"
}




@article{Hagiwara:1986vm,
      author         = "Hagiwara, Kaoru and Peccei, R. D. and Zeppenfeld, D. and
                        Hikasa, K.",
      title          = "{Probing the Weak Boson Sector in e+ e- ---> W+ W-}",
      journal        = "Nucl. Phys.",
      volume         = "B282",
      year           = "1987",
      pages          = "253-307",
      doi            = "10.1016/0550-3213(87)90685-7",
      reportNumber   = "MAD/PH/279, DESY-86-058",
      SLACcitation   = "%%CITATION = NUPHA,B282,253;%%"
}



@article{Hagiwara:1989mx,
      author         = "Hagiwara, Kaoru and Woodside, J. and Zeppenfeld, D.",
      title          = "{Measuring the $W W Z$ Coupling at the Tevatron}",
      journal        = "Phys. Rev.",
      volume         = "D41",
      year           = "1990",
      pages          = "2113-2119",
      doi            = "10.1103/PhysRevD.41.2113",
      reportNumber   = "MAD-PH-521, OSU-RN-227, DTP-89-38",
      SLACcitation   = "%%CITATION = PHRVA,D41,2113;%%"
}



@article{Khachatryan:2015sga,
      author         = "Khachatryan, Vardan and others",
      title          = "{Measurement of the ${{\mathrm{W} }^{+} }\mathrm{W}^{-} $
                        cross section in pp collisions at $\sqrt{s} =$ 8 TeV and
                        limits on anomalous gauge couplings}",
      collaboration  = "CMS",
      journal        = "Eur. Phys. J.",
      volume         = "C76",
      year           = "2016",
      number         = "7",
      pages          = "401",
      doi            = "10.1140/epjc/s10052-016-4219-1",
      eprint         = "1507.03268",
      archivePrefix  = "arXiv",
      primaryClass   = "hep-ex",
      reportNumber   = "CMS-SMP-14-016, CERN-PH-EP-2015-122",
      SLACcitation   = "%%CITATION = ARXIV:1507.03268;%%"
}



@article{Aad:2016ett,
      author         = "Aad, Georges and others",
      title          = "{Measurements of $W^\pm Z$ production cross sections in
                        $pp$ collisions at $\sqrt{s} = 8$ TeV with the ATLAS
                        detector and limits on anomalous gauge boson
                        self-couplings}",
      collaboration  = "ATLAS",
      journal        = "Phys. Rev.",
      volume         = "D93",
      year           = "2016",
      number         = "9",
      pages          = "092004",
      doi            = "10.1103/PhysRevD.93.092004",
      eprint         = "1603.02151",
      archivePrefix  = "arXiv",
      primaryClass   = "hep-ex",
      reportNumber   = "CERN-EP-2016-017",
      SLACcitation   = "%%CITATION = ARXIV:1603.02151;%%"
}




%%% contains utf-8, see: https://inspirehep.net/info/faq/general#utf8
%%% add \usepackage[utf8]{inputenc} to your latex preamble

@article{Butter:2016cvz,
      author         = "Butter, Anja and √âboli, Oscar J. P. and Gonzalez-Fraile,
                        J. and Gonzalez-Garcia, M. C. and Plehn, Tilman and Rauch,
                        Michael",
      title          = "{The Gauge-Higgs Legacy of the LHC Run I}",
      journal        = "JHEP",
      volume         = "07",
      year           = "2016",
      pages          = "152",
      doi            = "10.1007/JHEP07(2016)152",
      eprint         = "1604.03105",
      archivePrefix  = "arXiv",
      primaryClass   = "hep-ph",
      reportNumber   = "YITP-SB-16-10",
      SLACcitation   = "%%CITATION = ARXIV:1604.03105;%%"
}



@article{Zhang:2016zsp,
      author         = "Zhang, Zhengkang",
      title          = "{Time to Go Beyond Triple-Gauge-Boson-Coupling
                        Interpretation of $W$ Pair Production}",
      journal        = "Phys. Rev. Lett.",
      volume         = "118",
      year           = "2017",
      number         = "1",
      pages          = "011803",
      doi            = "10.1103/PhysRevLett.118.011803",
      eprint         = "1610.01618",
      archivePrefix  = "arXiv",
      primaryClass   = "hep-ph",
      reportNumber   = "MCTP-16-24, DESY-16-189",
      SLACcitation   = "%%CITATION = ARXIV:1610.01618;%%"
}



@article{Green:2016trm,
      author         = "Green, Daniel R. and Meade, Patrick and Pleier,
                        Marc-Andre",
      title          = "{Multiboson interactions at the LHC}",
      journal        = "Rev. Mod. Phys.",
      volume         = "89",
      year           = "2017",
      number         = "3",
      pages          = "035008",
      doi            = "10.1103/RevModPhys.89.035008",
      eprint         = "1610.07572",
      archivePrefix  = "arXiv",
      primaryClass   = "hep-ex",
      SLACcitation   = "%%CITATION = ARXIV:1610.07572;%%"
}




%%% contains utf-8, see: https://inspirehep.net/info/faq/general#utf8
%%% add \usepackage[utf8]{inputenc} to your latex preamble

@article{Biekoetter:2014jwa,
      author         = "Biek√∂tter, Anke and Knochel, Alexander and Kr√§mer,
                        Michael and Liu, Da and Riva, Francesco",
      title          = "{Vices and virtues of Higgs effective field theories at
                        large energy}",
      journal        = "Phys. Rev.",
      volume         = "D91",
      year           = "2015",
      pages          = "055029",
      doi            = "10.1103/PhysRevD.91.055029",
      eprint         = "1406.7320",
      archivePrefix  = "arXiv",
      primaryClass   = "hep-ph",
      SLACcitation   = "%%CITATION = ARXIV:1406.7320;%%"
}



@article{Falkowski:2015jaa,
      author         = "Falkowski, Adam and Gonzalez-Alonso, Martin and Greljo,
                        Admir and Marzocca, David",
      title          = "{Global constraints on anomalous triple gauge couplings
                        in effective field theory approach}",
      journal        = "Phys. Rev. Lett.",
      volume         = "116",
      year           = "2016",
      number         = "1",
      pages          = "011801",
      doi            = "10.1103/PhysRevLett.116.011801",
      eprint         = "1508.00581",
      archivePrefix  = "arXiv",
      primaryClass   = "hep-ph",
      SLACcitation   = "%%CITATION = ARXIV:1508.00581;%%"
}



@article{Baglio:2017bfe,
      author         = "Baglio, Julien and Dawson, Sally and Lewis, Ian M.",
      title          = "{An NLO QCD effective field theory analysis of $W^+W^-$
                        production at the LHC including fermionic operators}",
      journal        = "Phys. Rev.",
      volume         = "D96",
      year           = "2017",
      number         = "7",
      pages          = "073003",
      doi            = "10.1103/PhysRevD.96.073003",
      eprint         = "1708.03332",
      archivePrefix  = "arXiv",
      primaryClass   = "hep-ph",
      SLACcitation   = "%%CITATION = ARXIV:1708.03332;%%"
}



@article{Farina:2016rws,
      author         = "Farina, Marco and Panico, Giuliano and Pappadopulo,
                        Duccio and Ruderman, Joshua T. and Torre, Riccardo and
                        Wulzer, Andrea",
      title          = "{Energy helps accuracy: electroweak precision tests at
                        hadron colliders}",
      journal        = "Phys. Lett.",
      volume         = "B772",
      year           = "2017",
      pages          = "210-215",
      doi            = "10.1016/j.physletb.2017.06.043",
      eprint         = "1609.08157",
      archivePrefix  = "arXiv",
      primaryClass   = "hep-ph",
      reportNumber   = "CERN-TH-2016-205",
      SLACcitation   = "%%CITATION = ARXIV:1609.08157;%%"
}



@article{Liu:2016idz,
      author         = "Liu, Da and Pomarol, Alex and Rattazzi, Riccardo and
                        Riva, Francesco",
      title          = "{Patterns of Strong Coupling for LHC Searches}",
      journal        = "JHEP",
      volume         = "11",
      year           = "2016",
      pages          = "141",
      doi            = "10.1007/JHEP11(2016)141",
      eprint         = "1603.03064",
      archivePrefix  = "arXiv",
      primaryClass   = "hep-ph",
      reportNumber   = "CERN-TH-2016-048",
      SLACcitation   = "%%CITATION = ARXIV:1603.03064;%%"
}



@article{LEP:2003aa,
      author         = "Electroweak, the SLD",
      title          = "{A Combination of preliminary electroweak measurements
                        and constraints on the standard model}",
      collaboration  = "SLD Electroweak Group, SLD Heavy Flavor Group, DELPHI,
                        LEP, ALEPH, OPAL, LEP Electroweak Working Group, L3",
      year           = "2003",
      eprint         = "hep-ex/0312023",
      archivePrefix  = "arXiv",
      primaryClass   = "hep-ex",
      reportNumber   = "SLAC-R-701, LEPEWWG-2003-02,
                        ALEPH-2003-017-PHYSICS-2003-005, DELPHI-2003-072-PHYS-937,
                        L3-NOTE-2825, OPAL-PR-392, SLD-PHYSICS-NOTE-78,
                        CERN-EP-2003-091, LEP-EWWG-2003-02",
      SLACcitation   = "%%CITATION = HEP-EX/0312023;%%"
}



@article{Falkowski:2016cxu,
      author         = "Falkowski, Adam and Gonzalez-Alonso, Martin and Greljo,
                        Admir and Marzocca, David and Son, Minho",
      title          = "{Anomalous Triple Gauge Couplings in the Effective Field
                        Theory Approach at the LHC}",
      journal        = "JHEP",
      volume         = "02",
      year           = "2017",
      pages          = "115",
      doi            = "10.1007/JHEP02(2017)115",
      eprint         = "1609.06312",
      archivePrefix  = "arXiv",
      primaryClass   = "hep-ph",
      reportNumber   = "ZU-TH-34-16",
      SLACcitation   = "%%CITATION = ARXIV:1609.06312;%%"
}



@article{Panico:2017frx,
      author         = "Panico, Giuliano and Riva, Francesco and Wulzer, Andrea",
      title          = "{Diboson Interference Resurrection}",
      journal        = "Phys. Lett.",
      volume         = "B776",
      year           = "2018",
      pages          = "473-480",
      doi            = "10.1016/j.physletb.2017.11.068",
      eprint         = "1708.07823",
      archivePrefix  = "arXiv",
      primaryClass   = "hep-ph",
      reportNumber   = "CERN-TH-2017-185",
      SLACcitation   = "%%CITATION = ARXIV:1708.07823;%%"
}



@article{Gupta:2014rxa,
      author         = "Gupta, Rick S. and Pomarol, Alex and Riva, Francesco",
      title          = "{BSM Primary Effects}",
      journal        = "Phys. Rev.",
      volume         = "D91",
      year           = "2015",
      number         = "3",
      pages          = "035001",
      doi            = "10.1103/PhysRevD.91.035001",
      eprint         = "1405.0181",
      archivePrefix  = "arXiv",
      primaryClass   = "hep-ph",
      SLACcitation   = "%%CITATION = ARXIV:1405.0181;%%"
}



@article{Azatov:2016sqh,
      author         = "Azatov, Aleksandr and Contino, Roberto and Machado,
                        Camila S. and Riva, Francesco",
      title          = "{Helicity selection rules and noninterference for BSM
                        amplitudes}",
      journal        = "Phys. Rev.",
      volume         = "D95",
      year           = "2017",
      number         = "6",
      pages          = "065014",
      doi            = "10.1103/PhysRevD.95.065014",
      eprint         = "1607.05236",
      archivePrefix  = "arXiv",
      primaryClass   = "hep-ph",
      reportNumber   = "CERN-TH-2016-165",
      SLACcitation   = "%%CITATION = ARXIV:1607.05236;%%"
}



@article{Parke:1986gb,
      author         = "Parke, Stephen J. and Taylor, T. R.",
      title          = "{An Amplitude for $n$ Gluon Scattering}",
      journal        = "Phys. Rev. Lett.",
      volume         = "56",
      year           = "1986",
      pages          = "2459",
      doi            = "10.1103/PhysRevLett.56.2459",
      reportNumber   = "FERMILAB-PUB-86-042-T",
      SLACcitation   = "%%CITATION = PRLTA,56,2459;%%"
}



@article{Berends:1997js,
      author         = "Berends, Frits A. and Giele, W. T.",
      title          = "{On the construction of scattering amplitudes for
                        spinning massless particles}",
      journal        = "Nucl. Phys.",
      volume         = "B507",
      year           = "1997",
      pages          = "157-174",
      doi            = "10.1016/S0550-3213(97)00560-9",
      eprint         = "hep-th/9704008",
      archivePrefix  = "arXiv",
      primaryClass   = "hep-th",
      reportNumber   = "FERMILAB-PUB-97-056-T, CERN-TH-97-033, CERN-TH-97-33",
      SLACcitation   = "%%CITATION = HEP-TH/9704008;%%"
}



@article{Simmons:1989zs,
      author         = "Simmons, Elizabeth H.",
      title          = "{Dimension-six Gluon Operators as Probes of New Physics}",
      journal        = "Phys. Lett.",
      volume         = "B226",
      year           = "1989",
      pages          = "132-136",
      doi            = "10.1016/0370-2693(89)90301-8",
      reportNumber   = "HUTP-89/A012",
      SLACcitation   = "%%CITATION = PHLTA,B226,132;%%"
}



@article{Borel:2012by,
      author         = "Borel, Pascal and Franceschini, Roberto and Rattazzi,
                        Riccardo and Wulzer, Andrea",
      title          = "{Probing the Scattering of Equivalent Electroweak
                        Bosons}",
      journal        = "JHEP",
      volume         = "06",
      year           = "2012",
      pages          = "122",
      doi            = "10.1007/JHEP06(2012)122",
      eprint         = "1202.1904",
      archivePrefix  = "arXiv",
      primaryClass   = "hep-ph",
      reportNumber   = "PP-012-005",
      SLACcitation   = "%%CITATION = ARXIV:1202.1904;%%"
}



@article{Azatov:2017kzw,
      author         = "Azatov, A. and Elias-Miro, J. and Reyimuaji, Y. and
                        Venturini, E.",
      title          = "{Novel measurements of anomalous triple gauge couplings
                        for the LHC}",
      journal        = "JHEP",
      volume         = "10",
      year           = "2017",
      pages          = "027",
      doi            = "10.1007/JHEP10(2017)027",
      eprint         = "1707.08060",
      archivePrefix  = "arXiv",
      primaryClass   = "hep-ph",
      reportNumber   = "SISSA-35-2017-FISI",
      SLACcitation   = "%%CITATION = ARXIV:1707.08060;%%"
}



@article{Chanowitz:1985hj,
      author         = "Chanowitz, Michael S. and Gaillard, Mary K.",
      title          = "{The TeV Physics of Strongly Interacting W's and Z's}",
      journal        = "Nucl. Phys.",
      volume         = "B261",
      year           = "1985",
      pages          = "379-431",
      doi            = "10.1016/0550-3213(85)90580-2",
      reportNumber   = "LBL-19470, UCB-PTH-85/19",
      SLACcitation   = "%%CITATION = NUPHA,B261,379;%%"
}



@article{Wulzer:2013mza,
      author         = "Wulzer, Andrea",
      title          = "{An Equivalent Gauge and the Equivalence Theorem}",
      journal        = "Nucl. Phys.",
      volume         = "B885",
      year           = "2014",
      pages          = "97-126",
      doi            = "10.1016/j.nuclphysb.2014.05.021",
      eprint         = "1309.6055",
      archivePrefix  = "arXiv",
      primaryClass   = "hep-ph",
      SLACcitation   = "%%CITATION = ARXIV:1309.6055;%%"
}



@article{Jacob:1959at,
      author         = "Jacob, M. and Wick, G. C.",
      title          = "{On the general theory of collisions for particles with
                        spin}",
      journal        = "Annals Phys.",
      volume         = "7",
      year           = "1959",
      pages          = "404-428",
      doi            = "10.1016/0003-4916(59)90051-X",
      note           = "[Annals Phys.281,774(2000)]",
      SLACcitation   = "%%CITATION = APNYA,7,404;%%"
}



@article{Bauer:2009cf,
      author         = "Bauer, M. and Casagrande, S. and Haisch, U. and Neubert,
                        M.",
      title          = "{Flavor Physics in the Randall-Sundrum Model: II.
                        Tree-Level Weak-Interaction Processes}",
      journal        = "JHEP",
      volume         = "09",
      year           = "2010",
      pages          = "017",
      doi            = "10.1007/JHEP09(2010)017",
      eprint         = "0912.1625",
      archivePrefix  = "arXiv",
      primaryClass   = "hep-ph",
      reportNumber   = "MZ-TH-09-46",
      SLACcitation   = "%%CITATION = ARXIV:0912.1625;%%"
}



@article{Buras:2011ph,
      author         = "Buras, Andrzej J. and Grojean, Christophe and Pokorski,
                        Stefan and Ziegler, Robert",
      title          = "{FCNC Effects in a Minimal Theory of Fermion Masses}",
      journal        = "JHEP",
      volume         = "08",
      year           = "2011",
      pages          = "028",
      doi            = "10.1007/JHEP08(2011)028",
      eprint         = "1105.3725",
      archivePrefix  = "arXiv",
      primaryClass   = "hep-ph",
      reportNumber   = "CERN-PH-TH-2011-117, FLAVOUR(267104)-ERC-1,
                        TUM-HEP-807-11",
      SLACcitation   = "%%CITATION = ARXIV:1105.3725;%%"
}



@article{Panico:2016ull,
      author         = "Panico, Giuliano and Pomarol, Alex",
      title          = "{Flavor hierarchies from dynamical scales}",
      journal        = "JHEP",
      volume         = "07",
      year           = "2016",
      pages          = "097",
      doi            = "10.1007/JHEP07(2016)097",
      eprint         = "1603.06609",
      archivePrefix  = "arXiv",
      primaryClass   = "hep-ph",
      reportNumber   = "CERN-TH-2016-065",
      SLACcitation   = "%%CITATION = ARXIV:1603.06609;%%"
}



@article{Giudice:2007fh,
      author         = "Giudice, G. F. and Grojean, C. and Pomarol, A. and
                        Rattazzi, R.",
      title          = "{The Strongly-Interacting Light Higgs}",
      journal        = "JHEP",
      volume         = "06",
      year           = "2007",
      pages          = "045",
      doi            = "10.1088/1126-6708/2007/06/045",
      eprint         = "hep-ph/0703164",
      archivePrefix  = "arXiv",
      primaryClass   = "hep-ph",
      reportNumber   = "CERN-PH-TH-2007-47",
      SLACcitation   = "%%CITATION = HEP-PH/0703164;%%"
}



@article{Kaplan:1991dc,
      author         = "Kaplan, David B.",
      title          = "{Flavor at SSC energies: A New mechanism for dynamically
                        generated fermion masses}",
      journal        = "Nucl. Phys.",
      volume         = "B365",
      year           = "1991",
      pages          = "259-278",
      doi            = "10.1016/S0550-3213(05)80021-5",
      reportNumber   = "UCSD-PTH-91-04",
      SLACcitation   = "%%CITATION = NUPHA,B365,259;%%"
}



@article{Alioli:2017jdo,
      author         = "Alioli, Simone and Farina, Marco and Pappadopulo, Duccio
                        and Ruderman, Joshua T.",
      title          = "{Precision Probes of QCD at High Energies}",
      journal        = "JHEP",
      volume         = "07",
      year           = "2017",
      pages          = "097",
      doi            = "10.1007/JHEP07(2017)097",
      eprint         = "1706.03068",
      archivePrefix  = "arXiv",
      primaryClass   = "hep-ph",
      reportNumber   = "CERN-TH-2017-125",
      SLACcitation   = "%%CITATION = ARXIV:1706.03068;%%"
}



@article{Bellazzini:2017bkb,
      author         = "Bellazzini, Brando and Riva, Francesco and Serra, Javi
                        and Sgarlata, Francesco",
      title          = "{The other effective fermion compositeness}",
      journal        = "JHEP",
      volume         = "11",
      year           = "2017",
      pages          = "020",
      doi            = "10.1007/JHEP11(2017)020",
      eprint         = "1706.03070",
      archivePrefix  = "arXiv",
      primaryClass   = "hep-ph",
      reportNumber   = "CERN-TH-2017-119",
      SLACcitation   = "%%CITATION = ARXIV:1706.03070;%%"
}



@article{Domenech:2012ai,
      author         = "Domenech, Oriol and Pomarol, Alex and Serra, Javi",
      title          = "{Probing the SM with Dijets at the LHC}",
      journal        = "Phys. Rev.",
      volume         = "D85",
      year           = "2012",
      pages          = "074030",
      doi            = "10.1103/PhysRevD.85.074030",
      eprint         = "1201.6510",
      archivePrefix  = "arXiv",
      primaryClass   = "hep-ph",
      SLACcitation   = "%%CITATION = ARXIV:1201.6510;%%"
}



@article{Barbieri:2004qk,
      author         = "Barbieri, Riccardo and Pomarol, Alex and Rattazzi,
                        Riccardo and Strumia, Alessandro",
      title          = "{Electroweak symmetry breaking after LEP-1 and LEP-2}",
      journal        = "Nucl. Phys.",
      volume         = "B703",
      year           = "2004",
      pages          = "127-146",
      doi            = "10.1016/j.nuclphysb.2004.10.014",
      eprint         = "hep-ph/0405040",
      archivePrefix  = "arXiv",
      primaryClass   = "hep-ph",
      reportNumber   = "CERN-PH-TH-2004-075, IFUP-TH-2004-13, UAB-FT-565",
      SLACcitation   = "%%CITATION = HEP-PH/0405040;%%"
}



@article{Agashe:2004rs,
      author         = "Agashe, Kaustubh and Contino, Roberto and Pomarol, Alex",
      title          = "{The Minimal composite Higgs model}",
      journal        = "Nucl. Phys.",
      volume         = "B719",
      year           = "2005",
      pages          = "165-187",
      doi            = "10.1016/j.nuclphysb.2005.04.035",
      eprint         = "hep-ph/0412089",
      archivePrefix  = "arXiv",
      primaryClass   = "hep-ph",
      reportNumber   = "UAB-FT-567",
      SLACcitation   = "%%CITATION = HEP-PH/0412089;%%"
}



@article{Grzadkowski:2010es,
      author         = "Grzadkowski, B. and Iskrzynski, M. and Misiak, M. and
                        Rosiek, J.",
      title          = "{Dimension-Six Terms in the Standard Model Lagrangian}",
      journal        = "JHEP",
      volume         = "10",
      year           = "2010",
      pages          = "085",
      doi            = "10.1007/JHEP10(2010)085",
      eprint         = "1008.4884",
      archivePrefix  = "arXiv",
      primaryClass   = "hep-ph",
      reportNumber   = "IFT-9-2010, TTP10-35",
      SLACcitation   = "%%CITATION = ARXIV:1008.4884;%%"
}



@article{Pomarol:2013zra,
      author         = "Pomarol, Alex and Riva, Francesco",
      title          = "{Towards the Ultimate SM Fit to Close in on Higgs
                        Physics}",
      journal        = "JHEP",
      volume         = "01",
      year           = "2014",
      pages          = "151",
      doi            = "10.1007/JHEP01(2014)151",
      eprint         = "1308.2803",
      archivePrefix  = "arXiv",
      primaryClass   = "hep-ph",
      SLACcitation   = "%%CITATION = ARXIV:1308.2803;%%"
}



@article{Pappadopulo:2014qza,
      author         = "Pappadopulo, Duccio and Thamm, Andrea and Torre, Riccardo
                        and Wulzer, Andrea",
      title          = "{Heavy Vector Triplets: Bridging Theory and Data}",
      journal        = "JHEP",
      volume         = "09",
      year           = "2014",
      pages          = "060",
      doi            = "10.1007/JHEP09(2014)060",
      eprint         = "1402.4431",
      archivePrefix  = "arXiv",
      primaryClass   = "hep-ph",
      SLACcitation   = "%%CITATION = ARXIV:1402.4431;%%"
}





@article{Ball:2012cx,
      author         = "Ball, Richard D. and others",
      title          = "{Parton distributions with LHC data}",
      journal        = "Nucl. Phys.",
      volume         = "B867",
      year           = "2013",
      pages          = "244-289",
      doi            = "10.1016/j.nuclphysb.2012.10.003",
      eprint         = "1207.1303",
      archivePrefix  = "arXiv",
      primaryClass   = "hep-ph",
      reportNumber   = "EDINBURGH-2012-08, IFUM-FT-997, FR-PHENO-2012-014,
                        RWTH-TTK-12-25, CERN-PH-TH-2012-037, SFB-CPP-12-47",
      SLACcitation   = "%%CITATION = ARXIV:1207.1303;%%"
}



@article{Degrande:2012wf,
      author         = "Degrande, Celine and Greiner, Nicolas and Kilian,
                        Wolfgang and Mattelaer, Olivier and Mebane, Harrison and
                        Stelzer, Tim and Willenbrock, Scott and Zhang, Cen",
      title          = "{Effective Field Theory: A Modern Approach to Anomalous
                        Couplings}",
      journal        = "Annals Phys.",
      volume         = "335",
      year           = "2013",
      pages          = "21-32",
      doi            = "10.1016/j.aop.2013.04.016",
      eprint         = "1205.4231",
      archivePrefix  = "arXiv",
      primaryClass   = "hep-ph",
      reportNumber   = "MPP-2011-149, SI-HEP-2011-17, CP3-12-25",
      SLACcitation   = "%%CITATION = ARXIV:1205.4231;%%"
}




%%% contains utf-8, see: https://inspirehep.net/info/faq/general#utf8
%%% add \usepackage[utf8]{inputenc} to your latex preamble

@article{Butterworth:2015bya,
      author         = "Butterworth, Jonathan M. and Ochoa, In√™s and Scanlon,
                        Tim",
      title          = "{Boosted Higgs $\rightarrow b\bar{b}$ in vector-boson
                        associated production at 14 TeV}",
      journal        = "Eur. Phys. J.",
      volume         = "C75",
      year           = "2015",
      number         = "8",
      pages          = "366",
      doi            = "10.1140/epjc/s10052-015-3592-5",
      eprint         = "1506.04973",
      archivePrefix  = "arXiv",
      primaryClass   = "hep-ph",
      SLACcitation   = "%%CITATION = ARXIV:1506.04973;%%"
}



@article{Aad:2016zzw,
      author         = "Aad, Georges and others",
      title          = "{Measurement of the double-differential high-mass
                        Drell-Yan cross section in pp collisions at $ \sqrt{s}=8 $
                        TeV with the ATLAS detector}",
      collaboration  = "ATLAS",
      journal        = "JHEP",
      volume         = "08",
      year           = "2016",
      pages          = "009",
      doi            = "10.1007/JHEP08(2016)009",
      eprint         = "1606.01736",
      archivePrefix  = "arXiv",
      primaryClass   = "hep-ex",
      reportNumber   = "CERN-EP-2016-079",
      SLACcitation   = "%%CITATION = ARXIV:1606.01736;%%"
}



@article{Baur:1994ia,
      author         = "Baur, U. and Han, Tao and Ohnemus, J.",
      title          = "{Amplitude zeros in W+- Z production}",
      journal        = "Phys. Rev. Lett.",
      volume         = "72",
      year           = "1994",
      pages          = "3941-3944",
      doi            = "10.1103/PhysRevLett.72.3941",
      eprint         = "hep-ph/9403248",
      archivePrefix  = "arXiv",
      primaryClass   = "hep-ph",
      reportNumber   = "FSU-HEP-940307, UCD-94-5",
      SLACcitation   = "%%CITATION = HEP-PH/9403248;%%"
}



@article{Frye:2015rba,
      author         = "Frye, Christopher and Freytsis, Marat and Scholtz, Jakub
                        and Strassler, Matthew J.",
      title          = "{Precision Diboson Observables for the LHC}",
      journal        = "JHEP",
      volume         = "03",
      year           = "2016",
      pages          = "171",
      doi            = "10.1007/JHEP03(2016)171",
      eprint         = "1510.08451",
      archivePrefix  = "arXiv",
      primaryClass   = "hep-ph",
      SLACcitation   = "%%CITATION = ARXIV:1510.08451;%%"
}



@article{Mangano:2006rw,
      author         = "Mangano, Michelangelo L. and Moretti, Mauro and
                        Piccinini, Fulvio and Treccani, Michele",
      title          = "{Matching matrix elements and shower evolution for
                        top-quark production in hadronic collisions}",
      journal        = "JHEP",
      volume         = "01",
      year           = "2007",
      pages          = "013",
      doi            = "10.1088/1126-6708/2007/01/013",
      eprint         = "hep-ph/0611129",
      archivePrefix  = "arXiv",
      primaryClass   = "hep-ph",
      reportNumber   = "CERN-PH-TH-2006-232, FNT-T-2006-09",
      SLACcitation   = "%%CITATION = HEP-PH/0611129;%%"
}



@article{Sjostrand:2006za,
      author         = "Sjostrand, Torbjorn and Mrenna, Stephen and Skands, Peter
                        Z.",
      title          = "{PYTHIA 6.4 Physics and Manual}",
      journal        = "JHEP",
      volume         = "05",
      year           = "2006",
      pages          = "026",
      doi            = "10.1088/1126-6708/2006/05/026",
      eprint         = "hep-ph/0603175",
      archivePrefix  = "arXiv",
      primaryClass   = "hep-ph",
      reportNumber   = "FERMILAB-PUB-06-052-CD-T, LU-TP-06-13",
      SLACcitation   = "%%CITATION = HEP-PH/0603175;%%"
}



@article{Catani:1993hr,
      author         = "Catani, S. and Dokshitzer, Yuri L. and Seymour, M. H. and
                        Webber, B. R.",
      title          = "{Longitudinally invariant $K_t$ clustering algorithms for
                        hadron hadron collisions}",
      journal        = "Nucl. Phys.",
      volume         = "B406",
      year           = "1993",
      pages          = "187-224",
      doi            = "10.1016/0550-3213(93)90166-M",
      reportNumber   = "CERN-TH-6775-93, LU-TP-93-2",
      SLACcitation   = "%%CITATION = NUPHA,B406,187;%%"
}



@article{Campanario:2014lza,
      author         = "Campanario, Francisco and Roth, Robin and Zeppenfeld,
                        Dieter",
      title          = "{QCD radiation in $WH$ and $WZ$ production and anomalous
                        coupling measurements}",
      journal        = "Phys. Rev.",
      volume         = "D91",
      year           = "2015",
      pages          = "054039",
      doi            = "10.1103/PhysRevD.91.054039",
      eprint         = "1410.4840",
      archivePrefix  = "arXiv",
      primaryClass   = "hep-ph",
      reportNumber   = "FTUV-14-3008, IFIC-14-57, KA-TP-25-2014, LPN14-109,
                        SFB-CPP-14-66",
      SLACcitation   = "%%CITATION = ARXIV:1410.4840;%%"
}



@article{ATLAS-CONF-2016-024,
      author         = "The ATLAS collaboration",
      title          = "{Electron efficiency measurements with the ATLAS detector
                        using the 2015 LHC proton-proton collision data}",
      collaboration  = "ATLAS",
      year           = "2016",
      reportNumber   = "ATLAS-CONF-2016-024",
      SLACcitation   = "%%CITATION = ATLAS-CONF-2016-024;%%"
}


@article{Ellis:2017kfi,
      author         = "Ellis, John and Roloff, Philipp and Sanz, Veronica and
                        You, Tevong",
      title          = "{Dimension-6 Operator Analysis of the CLIC Sensitivity to
                        New Physics}",
      journal        = "JHEP",
      volume         = "05",
      year           = "2017",
      pages          = "096",
      doi            = "10.1007/JHEP05(2017)096",
      eprint         = "1701.04804",
      archivePrefix  = "arXiv",
      primaryClass   = "hep-ph",
      reportNumber   = "KCL-PH-TH-2017-04, CERN-TH-2017-009, CAVENDISH-HEP-17-01,
                        DAMTP-2017-01, CERN-PH-TH-2017-009, --DAMTP-2017-01",
      SLACcitation   = "%%CITATION = ARXIV:1701.04804;%%"
}




@article{Campanario:2010xn,
      author         = "Campanario, Francisco and Englert, Christoph and
                        Spannowsky, Michael",
      title          = "{QCD corrections to non-standard WZ+jet production with
                        leptonic decays at the LHC}",
      journal        = "Phys. Rev.",
      volume         = "D82",
      year           = "2010",
      pages          = "054015",
      doi            = "10.1103/PhysRevD.82.054015",
      eprint         = "1006.3090",
      archivePrefix  = "arXiv",
      primaryClass   = "hep-ph",
      reportNumber   = "FTUV-10-0612, KA-TP-16-2010, SFB-CPP-10-50",
      SLACcitation   = "%%CITATION = ARXIV:1006.3090;%%"
}



@article{Grazzini:2017ckn,
      author         = "Grazzini, Massimiliano and Kallweit, Stefan and Rathlev,
                        Dirk and Wiesemann, Marius",
      title          = "{$W^\pm Z$ production at the LHC: fiducial cross sections
                        and distributions in NNLO QCD}",
      journal        = "JHEP",
      volume         = "05",
      year           = "2017",
      pages          = "139",
      doi            = "10.1007/JHEP05(2017)139",
      eprint         = "1703.09065",
      archivePrefix  = "arXiv",
      primaryClass   = "hep-ph",
      reportNumber   = "ZU-TH-06-17, CERN-TH-2017-065",
      SLACcitation   = "%%CITATION = ARXIV:1703.09065;%%"
}



@article{Accomando:2005xp,
      author         = "Accomando, E. and Kaiser, A.",
      title          = "{Electroweak corrections and anomalous triple gauge-boson
                        couplings in $W^{+} W^{-}$ and $W^\pm Z$ production at the
                        LHC}",
      journal        = "Phys. Rev.",
      volume         = "D73",
      year           = "2006",
      pages          = "093006",
      doi            = "10.1103/PhysRevD.73.093006",
      eprint         = "hep-ph/0511088",
      archivePrefix  = "arXiv",
      primaryClass   = "hep-ph",
      reportNumber   = "PSI-PR-05-10, ZU-TH-19-05, DFTT-36-05",
      SLACcitation   = "%%CITATION = HEP-PH/0511088;%%"
}



@article{Racco:2015dxa,
      author         = "Racco, Davide and Wulzer, Andrea and Zwirner, Fabio",
      title          = "{Robust collider limits on heavy-mediator Dark Matter}",
      journal        = "JHEP",
      volume         = "05",
      year           = "2015",
      pages          = "009",
      doi            = "10.1007/JHEP05(2015)009",
      eprint         = "1502.04701",
      archivePrefix  = "arXiv",
      primaryClass   = "hep-ph",
      reportNumber   = "CERN-PH-TH-2015-014, DFPD-2015-TH-05",
      SLACcitation   = "%%CITATION = ARXIV:1502.04701;%%"
}



@article{Pobbe:2017wrj,
      author         = "Pobbe, F. and Wulzer, A. and Zanetti, M.",
      title          = "{Setting limits on Effective Field Theories: the case of
                        Dark Matter}",
      journal        = "JHEP",
      volume         = "08",
      year           = "2017",
      pages          = "074",
      doi            = "10.1007/JHEP08(2017)074",
      eprint         = "1704.00736",
      archivePrefix  = "arXiv",
      primaryClass   = "hep-ph",
      reportNumber   = "CERN-TH-2017-074",
      SLACcitation   = "%%CITATION = ARXIV:1704.00736;%%"
}



@article{Barbieri:2007bh,
      author         = "Barbieri, Riccardo and Bellazzini, B. and Rychkov,
                        Vyacheslav S. and Varagnolo, Alvise",
      title          = "{The Higgs boson from an extended symmetry}",
      journal        = "Phys. Rev.",
      volume         = "D76",
      year           = "2007",
      pages          = "115008",
      doi            = "10.1103/PhysRevD.76.115008",
      eprint         = "0706.0432",
      archivePrefix  = "arXiv",
      primaryClass   = "hep-ph",
      SLACcitation   = "%%CITATION = ARXIV:0706.0432;%%"
}



@article{Thamm:2015zwa,
      author         = "Thamm, Andrea and Torre, Riccardo and Wulzer, Andrea",
      title          = "{Future tests of Higgs compositeness: direct vs
                        indirect}",
      journal        = "JHEP",
      volume         = "07",
      year           = "2015",
      pages          = "100",
      doi            = "10.1007/JHEP07(2015)100",
      eprint         = "1502.01701",
      archivePrefix  = "arXiv",
      primaryClass   = "hep-ph",
      reportNumber   = "DFPD-2014-TH-03, MITP-14-109",
      SLACcitation   = "%%CITATION = ARXIV:1502.01701;%%"
}

@article{Banerjee:2018bio,
      author         = "Banerjee, Shankha and Englert, Christoph and Gupta, Rick
                        S. and Spannowsky, Michael",
      title          = "{Probing Electroweak Precision Physics via boosted
                        Higgs-strahlung at the LHC}",
      year           = "2018",
      eprint         = "1807.01796",
      archivePrefix  = "arXiv",
      primaryClass   = "hep-ph",
      reportNumber   = "IPPP/18/53, IPPP-18-53",
      SLACcitation   = "%%CITATION = ARXIV:1807.01796;%%"
}

@article{Alioli:2016xab,
      author         = "Alioli, Simone and Caola, Fabrizio and Luisoni, Gionata
                        and R√∂ntsch, Raul",
      title          = "{ZZ production in gluon fusion at NLO matched to
                        parton-shower}",
      journal        = "Phys. Rev.",
      volume         = "D95",
      year           = "2017",
      number         = "3",
      pages          = "034042",
      doi            = "10.1103/PhysRevD.95.034042",
      eprint         = "1609.09719",
      archivePrefix  = "arXiv",
      primaryClass   = "hep-ph",
      reportNumber   = "CERN-TH-2016-197",
      SLACcitation   = "%%CITATION = ARXIV:1609.09719;%%"
}

@article{Barklow:2017suo,
      author         = "Barklow, Tim and Fujii, Keisuke and Jung, Sunghoon and
                        Karl, Robert and List, Jenny and Ogawa, Tomohisa and
                        Peskin, Michael E. and Tian, Junping",
      title          = "{Improved Formalism for Precision Higgs Coupling Fits}",
      journal        = "Phys. Rev.",
      volume         = "D97",
      year           = "2018",
      number         = "5",
      pages          = "053003",
      doi            = "10.1103/PhysRevD.97.053003",
      eprint         = "1708.08912",
      archivePrefix  = "arXiv",
      primaryClass   = "hep-ph",
      reportNumber   = "DESY-17-120, KEK-PREPRINT-2017-22, SLAC-PUB-17129,
                        DESY-17-120---KEK-PREPRINT-2017-22---SLAC-PUB-17129",
      SLACcitation   = "%%CITATION = ARXIV:1708.08912;%%"
}
@article{Barklow:2017awn,
      author         = "Barklow, Tim and Fujii, Keisuke and Jung, Sunghoon and
                        Peskin, Michael E. and Tian, Junping",
      title          = "{Model-Independent Determination of the Triple Higgs
                        Coupling at e+e- Colliders}",
      journal        = "Phys. Rev.",
      volume         = "D97",
      year           = "2018",
      number         = "5",
      pages          = "053004",
      doi            = "10.1103/PhysRevD.97.053004",
      eprint         = "1708.09079",
      archivePrefix  = "arXiv",
      primaryClass   = "hep-ph",
      reportNumber   = "KEK-PREPRINT-2017-23, SLAC-PUB-17130",
      SLACcitation   = "%%CITATION = ARXIV:1708.09079;%%"
}
@article{Ge:2016zro,
      author         = "Ge, Shao-Feng and He, Hong-Jian and Xiao, Rui-Qing",
      title          = "{Probing new physics scales from Higgs and electroweak
                        observables at e$^{+}$ e$^{‚àí}$ Higgs factory}",
      journal        = "JHEP",
      volume         = "10",
      year           = "2016",
      pages          = "007",
      doi            = "10.1007/JHEP10(2016)007",
      eprint         = "1603.03385",
      archivePrefix  = "arXiv",
      primaryClass   = "hep-ph",
      SLACcitation   = "%%CITATION = ARXIV:1603.03385;%%"
}
@article{Khanpour:2017cfq,
      author         = "Khanpour, Hamzeh and Mohammadi Najafabadi, Mojtaba",
      title          = "{Constraining Higgs boson effective couplings at
                        electron-positron colliders}",
      journal        = "Phys. Rev.",
      volume         = "D95",
      year           = "2017",
      number         = "5",
      pages          = "055026",
      doi            = "10.1103/PhysRevD.95.055026",
      eprint         = "1702.00951",
      archivePrefix  = "arXiv",
      primaryClass   = "hep-ph",
      SLACcitation   = "%%CITATION = ARXIV:1702.00951;%%"
}
@article{Cohen:2016bsd,
      author         = "Cohen, Jonathan and Bar-Shalom, Shaouly and Eilam, Gad",
      title          = "{Contact Interactions in Higgs-Vector Boson Associated
                        Production at the ILC}",
      journal        = "Phys. Rev.",
      volume         = "D94",
      year           = "2016",
      number         = "3",
      pages          = "035030",
      doi            = "10.1103/PhysRevD.94.035030",
      eprint         = "1602.01698",
      archivePrefix  = "arXiv",
      primaryClass   = "hep-ph",
      SLACcitation   = "%%CITATION = ARXIV:1602.01698;%%"
}


@article{Contino:2016jqw,
      author         = "Contino, Roberto and Falkowski, Adam and Goertz, Florian
                        and Grojean, Christophe and Riva, Francesco",
      title          = "{On the Validity of the Effective Field Theory Approach
                        to SM Precision Tests}",
      journal        = "JHEP",
      volume         = "07",
      year           = "2016",
      pages          = "144",
      doi            = "10.1007/JHEP07(2016)144",
      eprint         = "1604.06444",
      archivePrefix  = "arXiv",
      primaryClass   = "hep-ph",
      reportNumber   = "DESY-16-067, CERN-TH-2016-082, LPT-Orsay-16-32",
      SLACcitation   = "%%CITATION = ARXIV:1604.06444;%%"
}

@article{Butterworth:2008iy,
      author         = "Butterworth, Jonathan M. and Davison, Adam R. and Rubin,
                        Mathieu and Salam, Gavin P.",
      title          = "{Jet substructure as a new Higgs search channel at the
                        LHC}",
      journal        = "Phys. Rev. Lett.",
      volume         = "100",
      year           = "2008",
      pages          = "242001",
      doi            = "10.1103/PhysRevLett.100.242001",
      eprint         = "0802.2470",
      archivePrefix  = "arXiv",
      primaryClass   = "hep-ph",
      SLACcitation   = "%%CITATION = ARXIV:0802.2470;%%"
}

@article{Soper:2010xk,
      author         = "Soper, Davison E. and Spannowsky, Michael",
      title          = "{Combining subjet algorithms to enhance ZH detection at
                        the LHC}",
      journal        = "JHEP",
      volume         = "08",
      year           = "2010",
      pages          = "029",
      doi            = "10.1007/JHEP08(2010)029",
      eprint         = "1005.0417",
      archivePrefix  = "arXiv",
      primaryClass   = "hep-ph",
      SLACcitation   = "%%CITATION = ARXIV:1005.0417;%%"
}

@article{deBlas:2013qqa,
      author         = "de Blas, Jorge and Chala, Mikael and Santiago, Jose",
      title          = "{Global Constraints on Lepton-Quark Contact
                        Interactions}",
      journal        = "Phys. Rev.",
      volume         = "D88",
      year           = "2013",
      pages          = "095011",
      doi            = "10.1103/PhysRevD.88.095011",
      eprint         = "1307.5068",
      archivePrefix  = "arXiv",
      primaryClass   = "hep-ph",
      SLACcitation   = "%%CITATION = ARXIV:1307.5068;%%"
}

@article{Farina:2016rws,
      author         = "Farina, Marco and Panico, Giuliano and Pappadopulo,
                        Duccio and Ruderman, Joshua T. and Torre, Riccardo and
                        Wulzer, Andrea",
      title          = "{Energy helps accuracy: electroweak precision tests at
                        hadron colliders}",
      journal        = "Phys. Lett.",
      volume         = "B772",
      year           = "2017",
      pages          = "210-215",
      doi            = "10.1016/j.physletb.2017.06.043",
      eprint         = "1609.08157",
      archivePrefix  = "arXiv",
      primaryClass   = "hep-ph",
      reportNumber   = "CERN-TH-2016-205",
      SLACcitation   = "%%CITATION = ARXIV:1609.08157;%%"
}

@article{Franceschini:2017xkh,
      author         = "Franceschini, Roberto and Panico, Giuliano and Pomarol,
                        Alex and Riva, Francesco and Wulzer, Andrea",
      title          = "{Electroweak Precision Tests in High-Energy Diboson
                        Processes}",
      journal        = "JHEP",
      volume         = "02",
      year           = "2018",
      pages          = "111",
      doi            = "10.1007/JHEP02(2018)111",
      eprint         = "1712.01310",
      archivePrefix  = "arXiv",
      primaryClass   = "hep-ph",
      reportNumber   = "CERN-TH-2017-252, RM3-TH-17-1",
      SLACcitation   = "%%CITATION = ARXIV:1712.01310;%%"
}


@article{Alloul:2013bka,
      author         = "Alloul, Adam and Christensen, Neil D. and Degrande,
                        C√©line and Duhr, Claude and Fuks, Benjamin",
      title          = "{FeynRules  2.0 - A complete toolbox for tree-level
                        phenomenology}",
      journal        = "Comput. Phys. Commun.",
      volume         = "185",
      year           = "2014",
      pages          = "2250-2300",
      doi            = "10.1016/j.cpc.2014.04.012",
      eprint         = "1310.1921",
      archivePrefix  = "arXiv",
      primaryClass   = "hep-ph",
      reportNumber   = "CERN-PH-TH-2013-239, MCNET-13-14, IPPP-13-71,
                        DCPT-13-142, --PITT-PACC-1308",
      SLACcitation   = "%%CITATION = ARXIV:1310.1921;%%"
}

@article{Alwall:2014hca,
      author         = "Alwall, J. and Frederix, R. and Frixione, S. and Hirschi,
                        V. and Maltoni, F. and Mattelaer, O. and Shao, H. -S. and
                        Stelzer, T. and Torrielli, P. and Zaro, M.",
      title          = "{The automated computation of tree-level and
                        next-to-leading order differential cross sections, and
                        their matching to parton shower simulations}",
      journal        = "JHEP",
      volume         = "07",
      year           = "2014",
      pages          = "079",
      doi            = "10.1007/JHEP07(2014)079",
      eprint         = "1405.0301",
      archivePrefix  = "arXiv",
      primaryClass   = "hep-ph",
      reportNumber   = "CERN-PH-TH-2014-064, CP3-14-18, LPN14-066, MCNET-14-09,
                        ZU-TH-14-14",
      SLACcitation   = "%%CITATION = ARXIV:1405.0301;%%"
}

@article{Hahn:2000kx,
      author         = "Hahn, Thomas",
      title          = "{Generating Feynman diagrams and amplitudes with FeynArts
                        3}",
      journal        = "Comput. Phys. Commun.",
      volume         = "140",
      year           = "2001",
      pages          = "418-431",
      doi            = "10.1016/S0010-4655(01)00290-9",
      eprint         = "hep-ph/0012260",
      archivePrefix  = "arXiv",
      primaryClass   = "hep-ph",
      reportNumber   = "KA-TP-23-2000",
      SLACcitation   = "%%CITATION = HEP-PH/0012260;%%"
}

@article{Hahn:1998yk,
      author         = "Hahn, T. and Perez-Victoria, M.",
      title          = "{Automatized one loop calculations in four-dimensions and
                        D-dimensions}",
      journal        = "Comput. Phys. Commun.",
      volume         = "118",
      year           = "1999",
      pages          = "153-165",
      doi            = "10.1016/S0010-4655(98)00173-8",
      eprint         = "hep-ph/9807565",
      archivePrefix  = "arXiv",
      primaryClass   = "hep-ph",
      reportNumber   = "UG-FT-87-98, KA-TP-7-1998",
      SLACcitation   = "%%CITATION = HEP-PH/9807565;%%"
}

@article{Dokshitzer:1997in,
      author         = "Dokshitzer, Yuri L. and Leder, G. D. and Moretti, S. and
                        Webber, B. R.",
      title          = "{Better jet clustering algorithms}",
      journal        = "JHEP",
      volume         = "08",
      year           = "1997",
      pages          = "001",
      doi            = "10.1088/1126-6708/1997/08/001",
      eprint         = "hep-ph/9707323",
      archivePrefix  = "arXiv",
      primaryClass   = "hep-ph",
      reportNumber   = "CAVENDISH-HEP-97-06",
      SLACcitation   = "%%CITATION = HEP-PH/9707323;%%"
}

@inproceedings{Wobisch:1998wt,
      author         = "Wobisch, M. and Wengler, T.",
      title          = "{Hadronization corrections to jet cross-sections in deep
                        inelastic scattering}",
      booktitle      = "{Monte Carlo generators for HERA physics. Proceedings,
                        Workshop, Hamburg, Germany, 1998-1999}",
      url            = "https://inspirehep.net/record/484872/files/arXiv:hep-ph_9907280.pdf",
      year           = "1998",
      pages          = "270-279",
      eprint         = "hep-ph/9907280",
      archivePrefix  = "arXiv",
      primaryClass   = "hep-ph",
      reportNumber   = "PITHA-99-16",
      SLACcitation   = "%%CITATION = HEP-PH/9907280;%%"
}


@article{Sjostrand:2001yu,
      author         = "Sjostrand, Torbjorn and Lonnblad, Leif and Mrenna,
                        Stephen",
      title          = "{PYTHIA 6.2: Physics and manual}",
      year           = "2001",
      eprint         = "hep-ph/0108264",
      archivePrefix  = "arXiv",
      primaryClass   = "hep-ph",
      reportNumber   = "LU-TP-01-21",
      SLACcitation   = "%%CITATION = HEP-PH/0108264;%%"
}

@article{Sjostrand:2014zea,
      author         = "Sj√∂strand, Torbj√∂rn and Ask, Stefan and Christiansen,
                        Jesper R. and Corke, Richard and Desai, Nishita and Ilten,
                        Philip and Mrenna, Stephen and Prestel, Stefan and
                        Rasmussen, Christine O. and Skands, Peter Z.",
      title          = "{An Introduction to PYTHIA 8.2}",
      journal        = "Comput. Phys. Commun.",
      volume         = "191",
      year           = "2015",
      pages          = "159-177",
      doi            = "10.1016/j.cpc.2015.01.024",
      eprint         = "1410.3012",
      archivePrefix  = "arXiv",
      primaryClass   = "hep-ph",
      reportNumber   = "LU-TP-14-36, MCNET-14-22, CERN-PH-TH-2014-190,
                        FERMILAB-PUB-14-316-CD, DESY-14-178, SLAC-PUB-16122",
      SLACcitation   = "%%CITATION = ARXIV:1410.3012;%%"
}

@article{Frixione:2007zp,
      author         = "Frixione, Stefano and Laenen, Eric and Motylinski,
                        Patrick and Webber, Bryan R.",
      title          = "{Angular correlations of lepton pairs from vector boson
                        and top quark decays in Monte Carlo simulations}",
      journal        = "JHEP",
      volume         = "04",
      year           = "2007",
      pages          = "081",
      doi            = "10.1088/1126-6708/2007/04/081",
      eprint         = "hep-ph/0702198",
      archivePrefix  = "arXiv",
      primaryClass   = "HEP-PH",
      reportNumber   = "CAVENDISH-HEP-07-01, GEF-TH-09-2007, ITP-UU-07-10,
                        NIKHEF-2007-004",
      SLACcitation   = "%%CITATION = HEP-PH/0702198;%%"
}


@article{Cacciari:2011ma,
      author         = "Cacciari, Matteo and Salam, Gavin P. and Soyez, Gregory",
      title          = "{FastJet User Manual}",
      journal        = "Eur. Phys. J.",
      volume         = "C72",
      year           = "2012",
      pages          = "1896",
      doi            = "10.1140/epjc/s10052-012-1896-2",
      eprint         = "1111.6097",
      archivePrefix  = "arXiv",
      primaryClass   = "hep-ph",
      reportNumber   = "CERN-PH-TH-2011-297",
      SLACcitation   = "%%CITATION = ARXIV:1111.6097;%%"
}

@article{Greljo:2017spw,
      author         = "Greljo, Admir and Isidori, Gino and Lindert, Jonas M. and
                        Marzocca, David and Zhang, Hantian",
      title          = "{Electroweak Higgs production with HiggsPO at NLO QCD}",
      journal        = "Eur. Phys. J.",
      volume         = "C77",
      year           = "2017",
      number         = "12",
      pages          = "838",
      doi            = "10.1140/epjc/s10052-017-5422-4",
      eprint         = "1710.04143",
      archivePrefix  = "arXiv",
      primaryClass   = "hep-ph",
      reportNumber   = "ZU-TH-26-17, IPPP-17-73, MITP-17-069",
      SLACcitation   = "%%CITATION = ARXIV:1710.04143;%%"
}

@article{Artoisenet:2012st,
      author         = "Artoisenet, Pierre and Frederix, Rikkert and Mattelaer,
                        Olivier and Rietkerk, Robbert",
      title          = "{Automatic spin-entangled decays of heavy resonances in
                        Monte Carlo simulations}",
      journal        = "JHEP",
      volume         = "03",
      year           = "2013",
      pages          = "015",
      doi            = "10.1007/JHEP03(2013)015",
      eprint         = "1212.3460",
      archivePrefix  = "arXiv",
      primaryClass   = "hep-ph",
      reportNumber   = "NIKHEF-2012-021, CERN-PH-TH-2012-329",
      SLACcitation   = "%%CITATION = ARXIV:1212.3460;%%"
}

@article{KS,
   author = "Ciupke, D.",
   title  = "{Study of BDT Training Configurations with an Application to the $Z/H \to \tau \tau \to e e$ Analysis}",
   url    = "http://www.desy.de/f/students/2012/reports/david_ciupke.pdf.gz",
   year   = 2012}

@article{Campbell:2002tg,
      author         = "Campbell, John M. and Ellis, R. Keith",
      title          = "{Next-to-leading order corrections to $W^+$ 2 jet and
                        $Z^+$ 2 jet production at hadron colliders}",
      journal        = "Phys. Rev.",
      volume         = "D65",
      year           = "2002",
      pages          = "113007",
      doi            = "10.1103/PhysRevD.65.113007",
      eprint         = "hep-ph/0202176",
      archivePrefix  = "arXiv",
      primaryClass   = "hep-ph",
      reportNumber   = "ANL-HEP-PR-02-020, FERMILAB-PUB-02-032-T",
      SLACcitation   = "%%CITATION = HEP-PH/0202176;%%"
      }
@article{Peskin:1991sw,
      author         = "Peskin, Michael E. and Takeuchi, Tatsu",
      title          = "{Estimation of oblique electroweak corrections}",
      journal        = "Phys. Rev.",
      volume         = "D46",
      year           = "1992",
      pages          = "381-409",
      doi            = "10.1103/PhysRevD.46.381",
      reportNumber   = "SLAC-PUB-5618",
      SLACcitation   = "%%CITATION = PHRVA,D46,381;%%"
}
@article{Hagiwara:1986vm,
      author         = "Hagiwara, Kaoru and Peccei, R. D. and Zeppenfeld, D. and
                        Hikasa, K.",
      title          = "{Probing the Weak Boson Sector in e+ e- ---> W+ W-}",
      journal        = "Nucl. Phys.",
      volume         = "B282",
      year           = "1987",
      pages          = "253-307",
      doi            = "10.1016/0550-3213(87)90685-7",
      reportNumber   = "MAD/PH/279, DESY-86-058",
      SLACcitation   = "%%CITATION = NUPHA,B282,253;%%"
}

@article{Amar:2014fpa,
      author         = "Amar, Gilad and Banerjee, Shankha and von Buddenbrock,
                        Stefan and Cornell, Alan S. and Mandal, Tanumoy and
                        Mellado, Bruce and Mukhopadhyaya, Biswarup",
      title          = "{Exploration of the tensor structure of the Higgs boson
                        coupling to weak bosons in e$^{+}$ e$^{‚àí}$ collisions}",
      journal        = "JHEP",
      volume         = "02",
      year           = "2015",
      pages          = "128",
      doi            = "10.1007/JHEP02(2015)128",
      eprint         = "1405.3957",
      archivePrefix  = "arXiv",
      primaryClass   = "hep-ph",
      reportNumber   = "HRI-RECAPP-2014-011, WITS-CTP-135",
      SLACcitation   = "%%CITATION = ARXIV:1405.3957;%%"
}

@article{Banerjee:2015bla,
      author         = "Banerjee, Shankha and Mandal, Tanumoy and Mellado, Bruce
                        and Mukhopadhyaya, Biswarup",
      title          = "{Cornering dimension-6 $HVV$ interactions at high
                        luminosity LHC: the role of event ratios}",
      journal        = "JHEP",
      volume         = "09",
      year           = "2015",
      pages          = "057",
      doi            = "10.1007/JHEP09(2015)057",
      eprint         = "1505.00226",
      archivePrefix  = "arXiv",
      primaryClass   = "hep-ph",
      reportNumber   = "HRI-RECAPP-2015-008, WITS-MITP-006",
      SLACcitation   = "%%CITATION = ARXIV:1505.00226;%%"
}

@article{Dicus:1988yh,
      author         = "Dicus, Duane A. and Kao, Chung",
      title          = "{Higgs Boson - $\Z^0$ Production From Gluon Fusion}",
      journal        = "Phys. Rev.",
      volume         = "D38",
      year           = "1988",
      pages          = "1008",
      doi            = "10.1103/PhysRevD.38.1008, 10.1103/PhysRevD.42.2412",
      note           = "[Erratum: Phys. Rev.D42,2412(1990)]",
      reportNumber   = "DOE-ER40200-131",
      SLACcitation   = "%%CITATION = PHRVA,D38,1008;%%"
}

@article{Kniehl:1990iva,
      author         = "Kniehl, Bernd A.",
      title          = "{Associated Production of Higgs and Z Bosons From Gluon
                        Fusion in Hadron Collisions}",
      journal        = "Phys. Rev.",
      volume         = "D42",
      year           = "1990",
      pages          = "2253-2258",
      doi            = "10.1103/PhysRevD.42.2253",
      reportNumber   = "MAD-PH-558",
      SLACcitation   = "%%CITATION = PHRVA,D42,2253;%%"
}

@article{Matsuura:1990ba,
      author         = "Matsuura, T. and Hamberg, R. and van Neerven, W. L.",
      title          = "{The Contribution of the Gluon-gluon Subprocess to the
                        {Drell-Yan} $K$ Factor}",
      journal        = "Nucl. Phys.",
      volume         = "B345",
      year           = "1990",
      pages          = "331-368",
      doi            = "10.1016/0550-3213(90)90391-P",
      reportNumber   = "DESY-90-031",
      SLACcitation   = "%%CITATION = NUPHA,B345,331;%%"
}


@article{Soper:2011cr,
      author         = "Soper, Davison E. and Spannowsky, Michael",
      title          = "{Finding physics signals with shower deconstruction}",
      journal        = "Phys. Rev.",
      volume         = "D84",
      year           = "2011",
      pages          = "074002",
      doi            = "10.1103/PhysRevD.84.074002",
      eprint         = "1102.3480",
      archivePrefix  = "arXiv",
      primaryClass   = "hep-ph",
      SLACcitation   = "%%CITATION = ARXIV:1102.3480;%%"
}

@article{Kniehl:2011aa,
      author         = "Kniehl, Bernd A. and Palisoc, Caesar P.",
      title          = "{Associated production of Z and neutral Higgs bosons at
                        the CERN Large Hadron Collider}",
      journal        = "Phys. Rev.",
      volume         = "D85",
      year           = "2012",
      pages          = "075027",
      doi            = "10.1103/PhysRevD.85.075027",
      eprint         = "1112.1575",
      archivePrefix  = "arXiv",
      primaryClass   = "hep-ph",
      reportNumber   = "DESY-11-239",
      SLACcitation   = "%%CITATION = ARXIV:1112.1575;%%"
}

@article{Harlander:2013mla,
      author         = "Harlander, Robert V. and Liebler, Stefan and Zirke, Tom",
      title          = "{Higgs Strahlung at the Large Hadron Collider in the
                        2-Higgs-Doublet Model}",
      journal        = "JHEP",
      volume         = "02",
      year           = "2014",
      pages          = "023",
      doi            = "10.1007/JHEP02(2014)023",
      eprint         = "1307.8122",
      archivePrefix  = "arXiv",
      primaryClass   = "hep-ph",
      reportNumber   = "WUB-13-12",
      SLACcitation   = "%%CITATION = ARXIV:1307.8122;%%"
}

@article{Englert:2013vua,
      author         = "Englert, Christoph and McCullough, Matthew and
                        Spannowsky, Michael",
      title          = "{Gluon-initiated associated production boosts Higgs
                        physics}",
      journal        = "Phys. Rev.",
      volume         = "D89",
      year           = "2014",
      number         = "1",
      pages          = "013013",
      doi            = "10.1103/PhysRevD.89.013013",
      eprint         = "1310.4828",
      archivePrefix  = "arXiv",
      primaryClass   = "hep-ph",
      reportNumber   = "DCPT-13-158, IPPP-13-79, MIT-CTP-4506",
      SLACcitation   = "%%CITATION = ARXIV:1310.4828;%%"
}

@article{Altenkamp:2012sx,
      author         = "Altenkamp, Lukas and Dittmaier, Stefan and Harlander,
                        Robert V. and Rzehak, Heidi and Zirke, Tom J. E.",
      title          = "{Gluon-induced Higgs-strahlung at next-to-leading order
                        QCD}",
      journal        = "JHEP",
      volume         = "02",
      year           = "2013",
      pages          = "078",
      doi            = "10.1007/JHEP02(2013)078",
      eprint         = "1211.5015",
      archivePrefix  = "arXiv",
      primaryClass   = "hep-ph",
      reportNumber   = "CERN-PH-TH-2012-312, FR-PHENO-2012-023, WUB-12-21",
      SLACcitation   = "%%CITATION = ARXIV:1211.5015;%%"
}

@article{Hespel:2015zea,
      author         = "Hespel, B. and Maltoni, F. and Vryonidou, E.",
      title          = "{Higgs and Z boson associated production via gluon fusion
                        in the SM and the 2HDM}",
      journal        = "JHEP",
      volume         = "06",
      year           = "2015",
      pages          = "065",
      doi            = "10.1007/JHEP06(2015)065",
      eprint         = "1503.01656",
      archivePrefix  = "arXiv",
      primaryClass   = "hep-ph",
      reportNumber   = "CP3-15-05, MCNET-15-04",
      SLACcitation   = "%%CITATION = ARXIV:1503.01656;%%"
}

@article{Harlander:2018yns,
      author         = "Harlander, R. V. and Klappert, J. and Pandini, C. and
                        Papaefstathiou, A.",
      title          = "{Exploiting the WH/ZH symmetry in the search for New
                        Physics}",
      year           = "2018",
      eprint         = "1804.02299",
      archivePrefix  = "arXiv",
      primaryClass   = "hep-ph",
      reportNumber   = "TTK-17-48, Nikhef 2018-026",
      SLACcitation   = "%%CITATION = ARXIV:1804.02299;%%"
}

@article{Degrande:2011ua,
      author         = "Degrande, Celine and Duhr, Claude and Fuks, Benjamin and
                        Grellscheid, David and Mattelaer, Olivier and Reiter,
                        Thomas",
      title          = "{UFO - The Universal FeynRules Output}",
      journal        = "Comput. Phys. Commun.",
      volume         = "183",
      year           = "2012",
      pages          = "1201-1214",
      doi            = "10.1016/j.cpc.2012.01.022",
      eprint         = "1108.2040",
      archivePrefix  = "arXiv",
      primaryClass   = "hep-ph",
      reportNumber   = "CP3-11-25, IPHC-PHENO-11-04, IPPP-11-39, DCPT-11-78,
                        MPP-2011-68",
      SLACcitation   = "%%CITATION = ARXIV:1108.2040;%%"
}

@article{Buschmann:2014sia,
      author         = "Buschmann, Malte and Goncalves, Dorival and Kuttimalai,
                        Silvan and Schonherr, Marek and Krauss, Frank and Plehn,
                        Tilman",
      title          = "{Mass Effects in the Higgs-Gluon Coupling: Boosted vs
                        Off-Shell Production}",
      journal        = "JHEP",
      volume         = "02",
      year           = "2015",
      pages          = "038",
      doi            = "10.1007/JHEP02(2015)038",
      eprint         = "1410.5806",
      archivePrefix  = "arXiv",
      primaryClass   = "hep-ph",
      reportNumber   = "IPPP-14-93, DCPT-14-186",
      SLACcitation   = "%%CITATION = ARXIV:1410.5806;%%"
}
@article{Elias-Miro:2013eta,
      author         = "Elias-Miro, Joan and Grojean, Christophe and Gupta, Rick
                        S. and Marzocca, David",
      title          = "{Scaling and tuning of EW and Higgs observables}",
      journal        = "JHEP",
      volume         = "05",
      year           = "2014",
      pages          = "019",
      doi            = "10.1007/JHEP05(2014)019",
      eprint         = "1312.2928",
      archivePrefix  = "arXiv",
      primaryClass   = "hep-ph",
      reportNumber   = "SISSA-57-2013-FISI",
      SLACcitation   = "%%CITATION = ARXIV:1312.2928;%%"}
 @article{Wells:2015uba,
      author         = "Wells, James D. and Zhang, Zhengkang",
      title          = "{Effective theories of universal theories}",
      journal        = "JHEP",
      volume         = "01",
      year           = "2016",
      pages          = "123",
      doi            = "10.1007/JHEP01(2016)123",
      eprint         = "1510.08462",
      archivePrefix  = "arXiv",
      primaryClass   = "hep-ph",
      reportNumber   = "MCTP-15-24",
      SLACcitation   = "%%CITATION = ARXIV:1510.08462;%%"
}
@article{Baak:2012kk,
      author         = "Baak, M. and Goebel, M. and Haller, J. and Hoecker, A.
                        and Kennedy, D. and Kogler, R. and Moenig, K. and Schott,
                        M. and Stelzer, J.",
      title          = "{The Electroweak Fit of the Standard Model after the
                        Discovery of a New Boson at the LHC}",
      journal        = "Eur. Phys. J.",
      volume         = "C72",
      year           = "2012",
      pages          = "2205",
      doi            = "10.1140/epjc/s10052-012-2205-9",
      eprint         = "1209.2716",
      archivePrefix  = "arXiv",
      primaryClass   = "hep-ph",
      reportNumber   = "DESY-12-154",
      SLACcitation   = "%%CITATION = ARXIV:1209.2716;%%"
}
@article{Falkowski:2014tna,
      author         = "Falkowski, Adam and Riva, Francesco",
      title          = "{Model-independent precision constraints on dimension-6
                        operators}",
      journal        = "JHEP",
      volume         = "02",
      year           = "2015",
      pages          = "039",
      doi            = "10.1007/JHEP02(2015)039",
      eprint         = "1411.0669",
      archivePrefix  = "arXiv",
      primaryClass   = "hep-ph",
      reportNumber   = "LPT-ORSAY-14-77",
      SLACcitation   = "%%CITATION = ARXIV:1411.0669;%%"
}
@techreport{LEP2,
      title         = "{A Combination of Preliminary Results on Gauge Boson
                       Couplings Measured by the LEP experiments}",
      institution   = "CERN",
      collaboration = "ALEPH Collaboration, DELPHI Collaboration, L3
                       Collaboration, OPAL Collaboration, LEP TGC Working Group",
      address       = "Geneva",
      number        = "LEPEWWG-TGC-2003-01. DELPHI-2003-068-PHYS-936.
                       L3-Note-2826. LEPEWWG-2006-01. OPAL-TN-739.
                       ALEPH-2006-016-CONF-2003-012",
      month         = "Jan",
      year          = "2003",
      url           = "https://cds.cern.ch/record/2285934",
      note          = "2003 Summer Conferences",
}
@inproceedings{Pomarol:2014dya,
      author         = "Pomarol, Alex",
      title          = "{Higgs Physics}",
      booktitle      = "{Proceedings, 2014 European School of High-Energy Physics
                        (ESHEP 2014): Garderen, The Netherlands, June 18 - July 01
                        2014}",
      year           = "2016",
      url            = "http://inspirehep.net/record/1334375/files/arXiv:1412.4410.pdf",
      pages          = "59-77",
      eprint         = "1412.4410",
      archivePrefix  = "arXiv",
      primaryClass   = "hep-ph",
      SLACcitation   = "%%CITATION = ARXIV:1412.4410;%%"
}
@article{Craig:2014una,
      author         = "Craig, Nathaniel and Farina, Marco and McCullough,
                        Matthew and Perelstein, Maxim",
      title          = "{Precision Higgsstrahlung as a Probe of New Physics}",
      journal        = "JHEP",
      volume         = "03",
      year           = "2015",
      pages          = "146",
      doi            = "10.1007/JHEP03(2015)146",
      eprint         = "1411.0676",
      archivePrefix  = "arXiv",
      primaryClass   = "hep-ph",
      SLACcitation   = "%%CITATION = ARXIV:1411.0676;%%"
}
@article{Denizli:2017pyu,
      author         = "Denizli, H. and Senol, A.",
      title          = "{Constraints on Higgs effective couplings in $H\nu
                        \bar{\nu}$ production of CLIC at 380 GeV}",
      journal        = "Adv. High Energy Phys.",
      volume         = "2018",
      year           = "2018",
      pages          = "1627051",
      doi            = "10.1155/2018/1627051",
      eprint         = "1707.03890",
      archivePrefix  = "arXiv",
      primaryClass   = "hep-ph",
      SLACcitation   = "%%CITATION = ARXIV:1707.03890;%%"
}



%%%%%%%%%%%%%%%%%%%%%%%%%%%%%%%%%%%%%%%%%%%%%%%%%%%%%%%%%%%%%%%%%%%%%%%%%%%%%%%%%%%%%


@article{Gomez-Ambrosio:2018pnl,
      author         = "Gomez-Ambrosio, Raquel",
      title          = "{Studies of Dimension-Six EFT effects in Vector Boson
                        Scattering}",
      year           = "2018",
      eprint         = "1809.04189",
      archivePrefix  = "arXiv",
      primaryClass   = "hep-ph",
      reportNumber   = "IPPP/18/78",
      SLACcitation   = "%%CITATION = ARXIV:1809.04189;%%"
}


  



@article{Jenkins:2013zja,
      author         = "Jenkins, Elizabeth E. and Manohar, Aneesh V. and Trott,
                        Michael",
      title          = "{Renormalization Group Evolution of the Standard Model
                        Dimension Six Operators I: Formalism and lambda
                        Dependence}",
      journal        = "JHEP",
      volume         = "10",
      year           = "2013",
      pages          = "087",
      doi            = "10.1007/JHEP10(2013)087",
      eprint         = "1308.2627",
      archivePrefix  = "arXiv",
      primaryClass   = "hep-ph",
      SLACcitation   = "%%CITATION = ARXIV:1308.2627;%%"
}



@article{Sirunyan:2017fvv,
      author         = "Sirunyan, Albert M and others",
      title          = "{Measurement of vector boson scattering and constraints
                        on anomalous quartic couplings from events with four
                        leptons and two jets in proton‚Äìproton collisions at
                        $\sqrt{s}=$ 13 TeV}",
      collaboration  = "CMS",
      journal        = "Phys. Lett.",
      volume         = "B774",
      year           = "2017",
      pages          = "682-705",
      doi            = "10.1016/j.physletb.2017.10.020",
      eprint         = "1708.02812",
      archivePrefix  = "arXiv",
      primaryClass   = "hep-ex",
      reportNumber   = "CMS-SMP-17-006, CERN-EP-2017-177",
      SLACcitation   = "%%CITATION = ARXIV:1708.02812;%%"
}
 
%
@article{Sirunyan:2018vkx,
      author         = "Sirunyan, Albert M. and others",
      title          = "{Measurement of differential cross sections for Z boson
                        pair production in association with jets at $\sqrt{s}=$ 8
                        and 13 TeV}",
      collaboration  = "CMS",
      year           = "2018",
      eprint         = "1806.11073",
      archivePrefix  = "arXiv",
      primaryClass   = "hep-ex",
      reportNumber   = "CMS-SMP-17-005, CERN-EP-2018-161",
      SLACcitation   = "%%CITATION = ARXIV:1806.11073;%%"
}

%
@article{Ghezzi:2015vva,
      author         = "Ghezzi, Margherita and Gomez-Ambrosio, Raquel and
                        Passarino, Giampiero and Uccirati, Sandro",
      title          = "{NLO Higgs effective field theory and $\kappa$-framework}",
      journal        = "JHEP",
      volume         = "07",
      year           = "2015",
      pages          = "175",
      doi            = "10.1007/JHEP07(2015)175",
      eprint         = "1505.03706",
      archivePrefix  = "arXiv",
      primaryClass   = "hep-ph",
      SLACcitation   = "%%CITATION = ARXIV:1505.03706;%%"
}

@article{Sirunyan:2017bey,
      author         = "Sirunyan, Albert M and others",
      title          = "{Search for anomalous couplings in boosted $\mathrm{
                        WW/WZ }\to\ell\nu\mathrm{ q \bar{q} }$ production in
                        proton-proton collisions at $\sqrt{s} =$ 8 TeV}",
      collaboration  = "CMS",
      journal        = "Phys. Lett.",
      volume         = "B772",
      year           = "2017",
      pages          = "21-42",
      doi            = "10.1016/j.physletb.2017.06.009",
      eprint         = "1703.06095",
      archivePrefix  = "arXiv",
      primaryClass   = "hep-ex",
      reportNumber   = "CMS-SMP-13-008, CERN-EP-2017-029",
      SLACcitation   = "%%CITATION = ARXIV:1703.06095;%%"
}

@article{Dixon:1993xd,
      author         = "Dixon, Lance J. and Shadmi, Yael",
      title          = "{Testing gluon selfinteractions in three jet events at
                        hadron colliders}",
      journal        = "Nucl. Phys.",
      volume         = "B423",
      year           = "1994",
      pages          = "3-32",
      doi            = "10.1016/0550-3213(94)90563-0,
                        10.1016/0550-3213(95)00450-7",
      note           = "[Erratum: Nucl. Phys.B452,724(1995)]",
      eprint         = "hep-ph/9312363",
      archivePrefix  = "arXiv",
      primaryClass   = "hep-ph",
      reportNumber   = "SLAC-PUB-6416",
      SLACcitation   = "%%CITATION = HEP-PH/9312363;%%"
}

@article{Bishara:2016kjn,
      author         = "Bishara, Fady and Contino, Roberto and Rojo, Juan",
      title          = "{Higgs pair production in vector-boson fusion at the LHC
                        and beyond}",
      journal        = "Eur. Phys. J.",
      volume         = "C77",
      year           = "2017",
      number         = "7",
      pages          = "481",
      doi            = "10.1140/epjc/s10052-017-5037-9",
      eprint         = "1611.03860",
      archivePrefix  = "arXiv",
      primaryClass   = "hep-ph",
      SLACcitation   = "%%CITATION = ARXIV:1611.03860;%%"
}

@article{Contino:2013gna,
      author         = "Contino, Roberto and Grojean, Christophe and Pappadopulo,
                        Duccio and Rattazzi, Riccardo and Thamm, Andrea",
      title          = "{Strong Higgs Interactions at a Linear Collider}",
      journal        = "JHEP",
      volume         = "02",
      year           = "2014",
      pages          = "006",
      doi            = "10.1007/JHEP02(2014)006",
      eprint         = "1309.7038",
      archivePrefix  = "arXiv",
      primaryClass   = "hep-ph",
      reportNumber   = "CERN-PH-TH-2013-161",
      SLACcitation   = "%%CITATION = ARXIV:1309.7038;%%"
}

@article{Brooijmans:2014eja,
      author         = "Brooijmans, G. and others",
      title          = "{Les Houches 2013: Physics at TeV Colliders: New Physics
                        Working Group Report}",
      year           = "2014",
      eprint         = "1405.1617",
      archivePrefix  = "arXiv",
      primaryClass   = "hep-ph",
      SLACcitation   = "%%CITATION = ARXIV:1405.1617;%%"
}

@article{Liu-Sheng:2014gxa,
      author         = "Ling, Liu-Sheng and Zhang, Ren-You and Ma, Wen-Gan and
                        Guo, Lei and Li, Wei-Hua and Li, Xiao-Zhou",
      title          = "{NNLO QCD corrections to Higgs pair production via vector
                        boson fusion at hadron colliders}",
      journal        = "Phys. Rev.",
      volume         = "D89",
      year           = "2014",
      number         = "7",
      pages          = "073001",
      doi            = "10.1103/PhysRevD.89.073001",
      eprint         = "1401.7754",
      archivePrefix  = "arXiv",
      primaryClass   = "hep-ph",
      SLACcitation   = "%%CITATION = ARXIV:1401.7754;%%"
}

@article{Kaplan:1983fs,
      author         = "Kaplan, David B. and Georgi, Howard",
      title          = "{SU(2) x U(1) Breaking by Vacuum Misalignment}",
      journal        = "Phys. Lett.",
      volume         = "136B",
      year           = "1984",
      pages          = "183-186",
      doi            = "10.1016/0370-2693(84)91177-8",
      reportNumber   = "HUTP-83/A069",
      SLACcitation   = "%%CITATION = PHLTA,136B,183;%%"
}

@article{Salam:2009jx,
      author         = "Salam, Gavin P.",
      title          = "{Towards Jetography}",
      booktitle      = "{2008 CTEQ-MCnet Summer School on QCD Phenomenology and
                        Monte Carlo Event Generators (MCnet 08) (CTEQ 08)
                        Debrecen, Hungary, August 8-16, 2008}",
      journal        = "Eur. Phys. J.",
      volume         = "C67",
      year           = "2010",
      pages          = "637-686",
      doi            = "10.1140/epjc/s10052-010-1314-6",
      eprint         = "0906.1833",
      archivePrefix  = "arXiv",
      primaryClass   = "hep-ph",
      SLACcitation   = "%%CITATION = ARXIV:0906.1833;%%"
}

@article{Cacciari:2008gp,
      author         = "Cacciari, Matteo and Salam, Gavin P. and Soyez, Gregory",
      title          = "{The anti-$k_t$ jet clustering algorithm}",
      journal        = "JHEP",
      volume         = "04",
      year           = "2008",
      pages          = "063",
      doi            = "10.1088/1126-6708/2008/04/063",
      eprint         = "0802.1189",
      archivePrefix  = "arXiv",
      primaryClass   = "hep-ph",
      reportNumber   = "LPTHE-07-03",
      SLACcitation   = "%%CITATION = ARXIV:0802.1189;%%"
}

@article{Farina:2016rws,
      author         = "Farina, Marco and Panico, Giuliano and Pappadopulo,
                        Duccio and Ruderman, Joshua T. and Torre, Riccardo and
                        Wulzer, Andrea",
      title          = "{Energy helps accuracy: electroweak precision tests at
                        hadron colliders}",
      journal        = "Phys. Lett.",
      volume         = "B772",
      year           = "2017",
      pages          = "210-215",
      doi            = "10.1016/j.physletb.2017.06.043",
      eprint         = "1609.08157",
      archivePrefix  = "arXiv",
      primaryClass   = "hep-ph",
      reportNumber   = "CERN-TH-2016-205",
      SLACcitation   = "%%CITATION = ARXIV:1609.08157;%%"
}

@article{Alioli:2017nzr,
      author         = "Alioli, Simone and Farina, Marco and Pappadopulo, Duccio
                        and Ruderman, Joshua T.",
      title          = "{Catching a New Force by the Tail}",
      journal        = "Phys. Rev. Lett.",
      volume         = "120",
      year           = "2018",
      number         = "10",
      pages          = "101801",
      doi            = "10.1103/PhysRevLett.120.101801",
      eprint         = "1712.02347",
      archivePrefix  = "arXiv",
      primaryClass   = "hep-ph",
      reportNumber   = "CERN-TH-2017-230",
      SLACcitation   = "%%CITATION = ARXIV:1712.02347;%%"
}
@article{Alioli:2017jdo,
      author         = "Alioli, Simone and Farina, Marco and Pappadopulo, Duccio
                        and Ruderman, Joshua T.",
      title          = "{Precision Probes of QCD at High Energies}",
      journal        = "JHEP",
      volume         = "07",
      year           = "2017",
      pages          = "097",
      doi            = "10.1007/JHEP07(2017)097",
      eprint         = "1706.03068",
      archivePrefix  = "arXiv",
      primaryClass   = "hep-ph",
      reportNumber   = "CERN-TH-2017-125",
      SLACcitation   = "%%CITATION = ARXIV:1706.03068;%%"
}

@article{CMS:2016zjv,
      author         = "CMS Collaboration",
      title          = "{First results on Higgs to gammagamma at 13 TeV}",
      collaboration  = "CMS",
      year           = "2016",
      reportNumber   = "CMS-PAS-HIG-15-005",
      SLACcitation   = "%%CITATION = CMS-PAS-HIG-15-005;%%"
}