@article{CMS-PAS-FTR-18-019,
      author         = "CMS Collaboration",
      title          = "{Prospects for HH measurements at the HL-LHC}",
      collaboration  = "CMS",
      year           = "2018",
      reportNumber   = "CMS-PAS-FTR-18-019",
      SLACcitation   = "%%CITATION = CMS-PAS-FTR-18-019;%%"
}

@techreport{ATL-PHYS-PUB-2015-043,
      title         = "{Search for the Standard Model Higgs and Z Boson decays to
                       $J/\psi\,\gamma$: HL-LHC projections}",
      institution   = "CERN",
      address       = "Geneva",
      number        = "ATL-PHYS-PUB-2015-043",
      month         = "Sep",
      year          = "2015",
      reportNumber  = "ATL-PHYS-PUB-2015-043",
      url           = "http://cds.cern.ch/record/2054550",
}

@techreport{Collaboration:2296612,
      author        = "Collaboration, CMS",
      title         = "{TECHNICAL PROPOSAL FOR A MIP TIMING DETECTOR IN THE CMS
                       EXPERIMENT PHASE 2 UPGRADE}",
      institution   = "CERN",
      address       = "Geneva",
      number        = "CERN-LHCC-2017-027. LHCC-P-009",
      month         = "Dec",
      year          = "2017",
      reportNumber  = "CERN-LHCC-2017-027",
      url           = "https://cds.cern.ch/record/2296612",
      note          = "This document describes a MIP timing detector for the
                       Phase-2 upgrade of the CMS experiment, in view of HL-LHC
                       running",
}

@article{DAmbrosio:2002vsn,
      author         = "D'Ambrosio, G. and Giudice, G. F. and Isidori, G. and
                        Strumia, A.",
      title          = "{Minimal flavor violation: An Effective field theory
                        approach}",
      journal        = "Nucl. Phys.",
      volume         = "B645",
      year           = "2002",
      pages          = "155-187",
      doi            = "10.1016/S0550-3213(02)00836-2",
      eprint         = "hep-ph/0207036",
      archivePrefix  = "arXiv",
      primaryClass   = "hep-ph",
      reportNumber   = "CERN-TH-2002-147, IFUP-TH-2002-17",
      SLACcitation   = "%%CITATION = HEP-PH/0207036;%%"
}

@article{Sirunyan:2018two,
      author         = "Sirunyan, Albert M and others",
      title          = "{Combination of searches for Higgs boson pair production
                        in proton-proton collisions at $\sqrt{s} = $ 13 TeV}",
      collaboration  = "CMS",
      journal        = "Submitted to: Phys. Rev. Lett.",
      year           = "2018",
      eprint         = "1811.09689",
      archivePrefix  = "arXiv",
      primaryClass   = "hep-ex",
      reportNumber   = "CMS-HIG-17-030, CERN-EP-2018-292",
      SLACcitation   = "%%CITATION = ARXIV:1811.09689;%%"
}

@article{Aaboud:2018txb,
      author         = "Aaboud, Morad and others",
      title          = "{Searches for exclusive Higgs and $Z$ boson decays into
                        $J/\psi\gamma$, $\psi(2S)\gamma$, and $\Upsilon(nS)\gamma$
                        at $\sqrt{s}=13$ TeV with the ATLAS detector}",
      collaboration  = "ATLAS",
      journal        = "Phys. Lett.",
      volume         = "B786",
      year           = "2018",
      pages          = "134-155",
      doi            = "10.1016/j.physletb.2018.09.024",
      eprint         = "1807.00802",
      archivePrefix  = "arXiv",
      primaryClass   = "hep-ex",
      reportNumber   = "CERN-EP-2018-154",
      SLACcitation   = "%%CITATION = ARXIV:1807.00802;%%"
}

@article{Bressler:2014jta,
      author         = "Bressler, Shikma and Dery, Avital and Efrati, Aielet",
      title          = "{Asymmetric lepton-flavor violating Higgs boson decays}",
      journal        = "Phys. Rev.",
      volume         = "D90",
      year           = "2014",
      number         = "1",
      pages          = "015025",
      doi            = "10.1103/PhysRevD.90.015025",
      eprint         = "1405.4545",
      archivePrefix  = "arXiv",
      primaryClass   = "hep-ph",
      SLACcitation   = "%%CITATION = ARXIV:1405.4545;%%"
}

@article{Barbier:2004ez,
      author         = "Barbier, R. and others",
      title          = "{R-parity violating supersymmetry}",
      journal        = "Phys. Rept.",
      volume         = "420",
      year           = "2005",
      pages          = "1-202",
      doi            = "10.1016/j.physrep.2005.08.006",
      eprint         = "hep-ph/0406039",
      archivePrefix  = "arXiv",
      primaryClass   = "hep-ph",
      SLACcitation   = "%%CITATION = HEP-PH/0406039;%%"
}

@article{Giudice:1998bp,
      author         = "Giudice, G. F. and Rattazzi, R.",
      title          = "{Theories with gauge mediated supersymmetry breaking}",
      journal        = "Phys. Rept.",
      volume         = "322",
      year           = "1999",
      pages          = "419-499",
      doi            = "10.1016/S0370-1573(99)00042-3",
      eprint         = "hep-ph/9801271",
      archivePrefix  = "arXiv",
      primaryClass   = "hep-ph",
      reportNumber   = "CERN-TH-97-380",
      SLACcitation   = "%%CITATION = HEP-PH/9801271;%%"
}

@article{Meade:2010ji,
      author         = "Meade, Patrick and Reece, Matthew and Shih, David",
      title          = "{Long-Lived Neutralino NLSPs}",
      journal        = "JHEP",
      volume         = "10",
      year           = "2010",
      pages          = "067",
      doi            = "10.1007/JHEP10(2010)067",
      eprint         = "1006.4575",
      archivePrefix  = "arXiv",
      primaryClass   = "hep-ph",
      reportNumber   = "YITP-SB-10-25",
      SLACcitation   = "%%CITATION = ARXIV:1006.4575;%%"
}

@article{Arvanitaki:2012ps,
      author         = "Arvanitaki, Asimina and Craig, Nathaniel and Dimopoulos,
                        Savas and Villadoro, Giovanni",
      title          = "{Mini-Split}",
      journal        = "JHEP",
      volume         = "02",
      year           = "2013",
      pages          = "126",
      doi            = "10.1007/JHEP02(2013)126",
      eprint         = "1210.0555",
      archivePrefix  = "arXiv",
      primaryClass   = "hep-ph",
      SLACcitation   = "%%CITATION = ARXIV:1210.0555;%%"
}

@article{ArkaniHamed:2012gw,
      author         = "Arkani-Hamed, Nima and Gupta, Arpit and Kaplan, David E.
                        and Weiner, Neal and Zorawski, Tom",
      title          = "{Simply Unnatural Supersymmetry}",
      year           = "2012",
      eprint         = "1212.6971",
      archivePrefix  = "arXiv",
      primaryClass   = "hep-ph",
      SLACcitation   = "%%CITATION = ARXIV:1212.6971;%%"
}

@article{Liu:2015bma,
      author         = "Liu, Zhen and Tweedie, Brock",
      title          = "{The Fate of Long-Lived Superparticles with Hadronic
                        Decays after LHC Run 1}",
      journal        = "JHEP",
      volume         = "06",
      year           = "2015",
      pages          = "042",
      doi            = "10.1007/JHEP06(2015)042",
      eprint         = "1503.05923",
      archivePrefix  = "arXiv",
      primaryClass   = "hep-ph",
      reportNumber   = "PITT-PACC-1503, FERMILAB-PUB-15-087-T",
      SLACcitation   = "%%CITATION = ARXIV:1503.05923;%%"
}

@article{Burdman:2006tz,
      author         = "Burdman, Gustavo and Chacko, Z. and Goh, Hock-Seng and
                        Harnik, Roni",
      title          = "{Folded supersymmetry and the LEP paradox}",
      journal        = "JHEP",
      volume         = "02",
      year           = "2007",
      pages          = "009",
      doi            = "10.1088/1126-6708/2007/02/009",
      eprint         = "hep-ph/0609152",
      archivePrefix  = "arXiv",
      primaryClass   = "hep-ph",
      reportNumber   = "SLAC-PUB-12115",
      SLACcitation   = "%%CITATION = HEP-PH/0609152;%%"
}

@article{Kang:2008ea,
      author         = "Kang, Junhai and Luty, Markus A.",
      title          = "{Macroscopic Strings and 'Quirks' at Colliders}",
      journal        = "JHEP",
      volume         = "11",
      year           = "2009",
      pages          = "065",
      doi            = "10.1088/1126-6708/2009/11/065",
      eprint         = "0805.4642",
      archivePrefix  = "arXiv",
      primaryClass   = "hep-ph",
      SLACcitation   = "%%CITATION = ARXIV:0805.4642;%%"
}


%%% contains utf-8, see: http://inspirehep.net/info/faq/general#utf8
%%% add \usepackage[utf8]{inputenc} to your latex preamble

@article{Davoli:2017swj,
      author         = "Davoli, Alessandro and De Simone, Andrea and Jacques,
                        Thomas and Sanz, Ver√≥nica",
      title          = "{Displaced Vertices from Pseudo-Dirac Dark Matter}",
      journal        = "JHEP",
      volume         = "11",
      year           = "2017",
      pages          = "025",
      doi            = "10.1007/JHEP11(2017)025",
      eprint         = "1706.08985",
      archivePrefix  = "arXiv",
      primaryClass   = "hep-ph",
      reportNumber   = "SISSA-29-2017-FISI",
      SLACcitation   = "%%CITATION = ARXIV:1706.08985;%%"
}

@article{Allaire:2018bof,
      author         = "Allaire, C. and others",
      title          = "{Beam test measurements of Low Gain Avalanche Detector
                        single pads and arrays for the ATLAS High Granularity
                        Timing Detector}",
      journal        = "JINST",
      volume         = "13",
      year           = "2018",
      number         = "06",
      pages          = "P06017",
      doi            = "10.1088/1748-0221/13/06/P06017",
      eprint         = "1804.00622",
      archivePrefix  = "arXiv",
      primaryClass   = "physics.ins-det",
      SLACcitation   = "%%CITATION = ARXIV:1804.00622;%%"
}

@article{Coccaro:2016lnz,
      author         = "Coccaro, Andrea and Curtin, David and Lubatti, H. J. and
                        Russell, Heather and Shelton, Jessie",
      title          = "{Data-driven Model-independent Searches for Long-lived
                        Particles at the LHC}",
      journal        = "Phys. Rev.",
      volume         = "D94",
      year           = "2016",
      number         = "11",
      pages          = "113003",
      doi            = "10.1103/PhysRevD.94.113003",
      eprint         = "1605.02742",
      archivePrefix  = "arXiv",
      primaryClass   = "hep-ph",
      SLACcitation   = "%%CITATION = ARXIV:1605.02742;%%"
}

@article{Bernaciak:2014pna,
      author         = "Bernaciak, Catherine and Plehn, Tilman and Schichtel,
                        Peter and Tattersall, Jamie",
      title          = "{Spying an invisible Higgs boson}",
      journal        = "Phys. Rev.",
      volume         = "D91",
      year           = "2015",
      pages          = "035024",
      doi            = "10.1103/PhysRevD.91.035024",
      eprint         = "1411.7699",
      archivePrefix  = "arXiv",
      primaryClass   = "hep-ph",
      reportNumber   = "IPPP-14-101, DCPT-14-201, MCNET-14-23",
      SLACcitation   = "%%CITATION = ARXIV:1411.7699;%%"
}

@article{Aaboud:2017iio,
      author         = "Aaboud, Morad and others",
      title          = "{Search for long-lived, massive particles in events with
                        displaced vertices and missing transverse momentum in
                        $\sqrt{s}$ = 13 TeV $pp$ collisions with the ATLAS
                        detector}",
      collaboration  = "ATLAS",
      journal        = "Phys. Rev.",
      volume         = "D97",
      year           = "2018",
      number         = "5",
      pages          = "052012",
      doi            = "10.1103/PhysRevD.97.052012",
      eprint         = "1710.04901",
      archivePrefix  = "arXiv",
      primaryClass   = "hep-ex",
      reportNumber   = "CERN-EP-2017-202",
      SLACcitation   = "%%CITATION = ARXIV:1710.04901;%%"
}


%%% contains utf-8, see: http://inspirehep.net/info/faq/general#utf8
%%% add \usepackage[utf8]{inputenc} to your latex preamble

@article{Greiner:2015jha,
      author         = "Greiner, Nicolas and H√∂che, Stefan and Luisoni, Gionata
                        and Sch√∂nherr, Marek and Winter, Jan-Christopher and
                        Yundin, Valery",
      title          = "{Phenomenological analysis of Higgs boson production
                        through gluon fusion in association with jets}",
      journal        = "JHEP",
      volume         = "01",
      year           = "2016",
      pages          = "169",
      doi            = "10.1007/JHEP01(2016)169",
      eprint         = "1506.01016",
      archivePrefix  = "arXiv",
      primaryClass   = "hep-ph",
      reportNumber   = "DESY-15-081, MPP-2015-108, SLAC-PUB-16298, ZH-TH-15-15,
                        MCNET-15-11",
      SLACcitation   = "%%CITATION = ARXIV:1506.01016;%%"
}

@article{Jaeckel:2010ni,
      author         = "Jaeckel, Joerg and Ringwald, Andreas",
      title          = "{The Low-Energy Frontier of Particle Physics}",
      journal        = "Ann. Rev. Nucl. Part. Sci.",
      volume         = "60",
      year           = "2010",
      pages          = "405-437",
      doi            = "10.1146/annurev.nucl.012809.104433",
      eprint         = "1002.0329",
      archivePrefix  = "arXiv",
      primaryClass   = "hep-ph",
      reportNumber   = "CPT-10-18, DESY-10-016, IPPP-10-09",
      SLACcitation   = "%%CITATION = ARXIV:1002.0329;%%"
}

@proceedings{Hewett:2012ns,
      author         = "Hewett, J. L. and others",
      title          = "{Fundamental Physics at the Intensity Frontier}",
      url            = "http://lss.fnal.gov/archive/preprint/fermilab-conf-12-879-ppd.shtml",
      doi            = "10.2172/1042577",
      year           = "2012",
      eprint         = "1205.2671",
      archivePrefix  = "arXiv",
      primaryClass   = "hep-ex",
      reportNumber   = "ANL-HEP-TR-12-25, SLAC-R-991, FERMILAB-CONF-12-879-PPD",
      SLACcitation   = "%%CITATION = ARXIV:1205.2671;%%"
}

@inproceedings{Essig:2013lka,
      author         = "Essig, Rouven and others",
      title          = "{Working Group Report: New Light Weakly Coupled
                        Particles}",
      booktitle      = "{Proceedings, 2013 Community Summer Study on the Future
                        of U.S. Particle Physics: Snowmass on the Mississippi
                        (CSS2013): Minneapolis, MN, USA, July 29-August 6, 2013}",
      url            = "http://www.slac.stanford.edu/econf/C1307292/docs/IntensityFrontier/NewLight-17.pdf",
      year           = "2013",
      eprint         = "1311.0029",
      archivePrefix  = "arXiv",
      primaryClass   = "hep-ph",
      reportNumber   = "YITP-SB-36",
      SLACcitation   = "%%CITATION = ARXIV:1311.0029;%%"
}

@inproceedings{Alexander:2016aln,
      author         = "Alexander, Jim and others",
      title          = "{Dark Sectors 2016 Workshop: Community Report}",
      url            = "http://lss.fnal.gov/archive/2016/conf/fermilab-conf-16-421.pdf",
      year           = "2016",
      eprint         = "1608.08632",
      archivePrefix  = "arXiv",
      primaryClass   = "hep-ph",
      reportNumber   = "FERMILAB-CONF-16-421",
      SLACcitation   = "%%CITATION = ARXIV:1608.08632;%%"
}

@inproceedings{Battaglieri:2017aum,
      author         = "Battaglieri, Marco and others",
      title          = "{US Cosmic Visions: New Ideas in Dark Matter 2017:
                        Community Report}",
      booktitle      = "{U.S. Cosmic Visions: New Ideas in Dark Matter College
                        Park, MD, USA, March 23-25, 2017}",
      url            = "http://lss.fnal.gov/archive/2017/conf/fermilab-conf-17-282-ae-ppd-t.pdf",
      year           = "2017",
      eprint         = "1707.04591",
      archivePrefix  = "arXiv",
      primaryClass   = "hep-ph",
      reportNumber   = "FERMILAB-CONF-17-282-AE-PPD-T",
      SLACcitation   = "%%CITATION = ARXIV:1707.04591;%%"
}

@article{Holdom:1985ag,
      author         = "Holdom, Bob",
      title          = "{Two U(1)'s and Epsilon Charge Shifts}",
      journal        = "Phys. Lett.",
      volume         = "166B",
      year           = "1986",
      pages          = "196-198",
      doi            = "10.1016/0370-2693(86)91377-8",
      reportNumber   = "UTPT-85-30",
      SLACcitation   = "%%CITATION = PHLTA,166B,196;%%"
}

@article{Galison:1983pa,
      author         = "Galison, Peter and Manohar, Aneesh",
      title          = "{TWO Z's OR NOT TWO Z's?}",
      journal        = "Phys. Lett.",
      volume         = "136B",
      year           = "1984",
      pages          = "279-283",
      doi            = "10.1016/0370-2693(84)91161-4",
      reportNumber   = "HUTP-83/A059",
      SLACcitation   = "%%CITATION = PHLTA,136B,279;%%"
}

@article{Dienes:1996zr,
      author         = "Dienes, Keith R. and Kolda, Christopher F. and
                        March-Russell, John",
      title          = "{Kinetic mixing and the supersymmetric gauge hierarchy}",
      journal        = "Nucl. Phys.",
      volume         = "B492",
      year           = "1997",
      pages          = "104-118",
      doi            = "10.1016/S0550-3213(97)80028-4,
                        10.1016/S0550-3213(97)00173-9",
      eprint         = "hep-ph/9610479",
      archivePrefix  = "arXiv",
      primaryClass   = "hep-ph",
      reportNumber   = "IASSNS-HEP-96-100",
      SLACcitation   = "%%CITATION = HEP-PH/9610479;%%"
}

@article{Curtin:2014cca,
      author         = "Curtin, David and Essig, Rouven and Gori, Stefania and
                        Shelton, Jessie",
      title          = "{Illuminating Dark Photons with High-Energy Colliders}",
      journal        = "JHEP",
      volume         = "02",
      year           = "2015",
      pages          = "157",
      doi            = "10.1007/JHEP02(2015)157",
      eprint         = "1412.0018",
      archivePrefix  = "arXiv",
      primaryClass   = "hep-ph",
      reportNumber   = "YITP-SB-14-49",
      SLACcitation   = "%%CITATION = ARXIV:1412.0018;%%"
}

@article{Alwall:2011uj,
      author         = "Alwall, Johan and Herquet, Michel and Maltoni, Fabio and
                        Mattelaer, Olivier and Stelzer, Tim",
      title          = "{MadGraph 5 : Going Beyond}",
      journal        = "JHEP",
      volume         = "06",
      year           = "2011",
      pages          = "128",
      doi            = "10.1007/JHEP06(2011)128",
      eprint         = "1106.0522",
      archivePrefix  = "arXiv",
      primaryClass   = "hep-ph",
      reportNumber   = "FERMILAB-PUB-11-448-T",
      SLACcitation   = "%%CITATION = ARXIV:1106.0522;%%"
}

@article{Izaguirre:2018atq,
      author         = "Izaguirre, Eder and Stolarski, Daniel",
      title          = "{Searching for Higgs Decays to as Many as 8 Leptons}",
      journal        = "Phys. Rev. Lett.",
      volume         = "121",
      year           = "2018",
      number         = "22",
      pages          = "221803",
      doi            = "10.1103/PhysRevLett.121.221803",
      eprint         = "1805.12136",
      archivePrefix  = "arXiv",
      primaryClass   = "hep-ph",
      SLACcitation   = "%%CITATION = ARXIV:1805.12136;%%"
}

@article{Blinov:2017dtk,
      author         = "Blinov, Nikita and Izaguirre, Eder and Shuve, Brian",
      title          = "{Rare $Z$ Boson Decays to a Hidden Sector}",
      journal        = "Phys. Rev.",
      volume         = "D97",
      year           = "2018",
      number         = "1",
      pages          = "015009",
      doi            = "10.1103/PhysRevD.97.015009",
      eprint         = "1710.07635",
      archivePrefix  = "arXiv",
      primaryClass   = "hep-ph",
      reportNumber   = "SLAC-PUB-17159",
      SLACcitation   = "%%CITATION = ARXIV:1710.07635;%%"
}

@article{Aaboud:2018fvk,
      author         = "Aaboud, Morad and others",
      title          = "{Search for Higgs boson decays to
                        beyond-the-Standard-Model light bosons in four-lepton
                        events with the ATLAS detector at $\sqrt{s}=13$ TeV}",
      collaboration  = "ATLAS",
      journal        = "JHEP",
      volume         = "06",
      year           = "2018",
      pages          = "166",
      doi            = "10.1007/JHEP06(2018)166",
      eprint         = "1802.03388",
      archivePrefix  = "arXiv",
      primaryClass   = "hep-ex",
      reportNumber   = "CERN-EP-2017-293",
      SLACcitation   = "%%CITATION = ARXIV:1802.03388;%%"
}

@article{Dicus:1994bm,
      author         = "Dicus, D. and Stange, A. and Willenbrock, S.",
      title          = "{Higgs decay to top quarks at hadron colliders}",
      journal        = "Phys. Lett.",
      volume         = "B333",
      year           = "1994",
      pages          = "126-131",
      doi            = "10.1016/0370-2693(94)91017-0",
      eprint         = "hep-ph/9404359",
      archivePrefix  = "arXiv",
      primaryClass   = "hep-ph",
      reportNumber   = "CPP-94-18, BNL-60339, ILL-TH-94-9",
      SLACcitation   = "%%CITATION = HEP-PH/9404359;%%"
}

@article{Jung:2015gta,
      author         = "Jung, Sunghoon and Song, Jeonghyeon and Yoon, Yeo Woong",
      title          = "{Dip or nothingness of a Higgs resonance from the
                        interference with a complex phase}",
      journal        = "Phys. Rev.",
      volume         = "D92",
      year           = "2015",
      number         = "5",
      pages          = "055009",
      doi            = "10.1103/PhysRevD.92.055009",
      eprint         = "1505.00291",
      archivePrefix  = "arXiv",
      primaryClass   = "hep-ph",
      reportNumber   = "KIAS-P15020",
      SLACcitation   = "%%CITATION = ARXIV:1505.00291;%%"
}