% -- include here the bibtex style bibliography items for your section

@techreport{CMS-PAS-FTR-18-011,
      title         = "{Sensitivity projections for Higgs boson properties
                       measurements at the HL-LHC}",
      institution   = "CERN",
      collaboration = "CMS Collaboration",
      address       = "Geneva",
      number        = "CMS-PAS-FTR-18-011",
      year          = "2018",
      reportNumber  = "CMS-PAS-FTR-18-011",
      url           = "http://cds.cern.ch/record/2647699",
}
@techreport{CMS-PAS-HIG-18-002,
      title         = "{Measurements of Higgs boson properties from on-shell and
                       off-shell production in the four-lepton final state}",
      collaboration = "CMS",
      number        = "CMS-PAS-HIG-18-002",
      year          = "2018",
      TYPE          = "CMS Physics Analysis Summary",
      reportNumber  = "CMS-PAS-HIG-18-002",
      url           = "https://cds.cern.ch/record/2638605"
}

@article{Djouadi:1997rj,
      author         = "Djouadi, A. and Gambino, P. and Kniehl, Bernd A.",
      title          = "{Two loop electroweak heavy fermion corrections to Higgs
                        boson production and decay}",
      journal        = "Nucl. Phys.",
      volume         = "B523",
      year           = "1998",
      pages          = "17-39",
      doi            = "10.1016/S0550-3213(98)00147-3",
      eprint         = "hep-ph/9712330",
      archivePrefix  = "arXiv",
      primaryClass   = "hep-ph",
      reportNumber   = "PM-97-45, MPI-PHT-97-71, TUM-HEP-301-97",
      SLACcitation   = "%%CITATION = HEP-PH/9712330;%%"
}

@article{Degrassi:2005mc,
      author         = "Degrassi, Giuseppe and Maltoni, Fabio",
      title          = "{Two-loop electroweak corrections to the Higgs-boson
                        decay H ---> gamma gamma}",
      journal        = "Nucl. Phys.",
      volume         = "B724",
      year           = "2005",
      pages          = "183-196",
      doi            = "10.1016/j.nuclphysb.2005.06.027",
      eprint         = "hep-ph/0504137",
      archivePrefix  = "arXiv",
      primaryClass   = "hep-ph",
      reportNumber   = "RM3-TH-05-03, CERN-PH-TH-2005-064",
      SLACcitation   = "%%CITATION = HEP-PH/0504137;%%"
}

@article{Passarino:2007fp,
      author         = "Passarino, Giampiero and Sturm, Christian and Uccirati,
                        Sandro",
      title          = "{Complete Two-Loop Corrections to H ---> gamma gamma}",
      journal        = "Phys. Lett.",
      volume         = "B655",
      year           = "2007",
      pages          = "298-306",
      doi            = "10.1016/j.physletb.2007.09.002",
      eprint         = "0707.1401",
      archivePrefix  = "arXiv",
      primaryClass   = "hep-ph",
      SLACcitation   = "%%CITATION = ARXIV:0707.1401;%%"
}


@article{Passarino:2010qk,
      author         = "Passarino, Giampiero and Sturm, Christian and Uccirati,
                        Sandro",
      title          = "{Higgs Pseudo-Observables, Second Riemann Sheet and All
                        That}",
      journal        = "Nucl. Phys.",
      volume         = "B834",
      year           = "2010",
      pages          = "77-115",
      doi            = "10.1016/j.nuclphysb.2010.03.013",
      eprint         = "1001.3360",
      archivePrefix  = "arXiv",
      primaryClass   = "hep-ph",
      reportNumber   = "TTP-10-04",
      SLACcitation   = "%%CITATION = ARXIV:1001.3360;%%"
}

@article{Arkani-Hamed:2015vfh,
      author         = "Arkani-Hamed, Nima and Han, Tao and Mangano, Michelangelo
                        and Wang, Lian-Tao",
      title          = "{Physics opportunities of a 100 TeV proton-proton
                        collider}",
      journal        = "Phys. Rept.",
      volume         = "652",
      year           = "2016",
      pages          = "1-49",
      doi            = "10.1016/j.physrep.2016.07.004",
      eprint         = "1511.06495",
      archivePrefix  = "arXiv",
      primaryClass   = "hep-ph",
      reportNumber   = "PITT-PACC-1515, CERN-PH-TH-2015-259",
      SLACcitation   = "%%CITATION = ARXIV:1511.06495;%%"
}

@article{Contino:2016spe,
      author         = "Contino, R. and others",
      title          = "{Physics at a 100 TeV pp collider: Higgs and EW symmetry
                        breaking studies}",
      year           = "2016",
      eprint         = "1606.09408",
      archivePrefix  = "arXiv",
      primaryClass   = "hep-ph",
      reportNumber   = "CERN-TH-2016-113",
      SLACcitation   = "%%CITATION = ARXIV:1606.09408;%%"
}


@techreport{ATLAS-CONF-2016-067,
      title         = "{Measurement of fiducial, differential and production
                       cross sections in the $H\to\gamma\gamma$ decay channel with
                       13.3 fb$^{-1}$ of 13 TeV proton-proton collision data with
                       the ATLAS detector}",
      institution   = "CERN",
      collaboration = "ATLAS Collaboration",
      address       = "Geneva",
      number        = "ATLAS-CONF-2016-067",
      month         = "Aug",
      year          = "2016",
      reportNumber  = "ATLAS-CONF-2016-067",
      url           = "http://cds.cern.ch/record/2206210",
}

@article{Dicus:1987fk,
      author         = "Dicus, Duane A. and Willenbrock, Scott S. D.",
      title          = "{Photon Pair Production and the Intermediate Mass Higgs
                        Boson}",
      journal        = "Phys. Rev.",
      volume         = "D37",
      year           = "1988",
      pages          = "1801",
      doi            = "10.1103/PhysRevD.37.1801",
      reportNumber   = "MAD/PH/389",
      SLACcitation   = "%%CITATION = PHRVA,D37,1801;%%"
}



@inproceedings{Dawson:2013bba,
      author         = "Dawson, Sally and others",
      title          = "{Working Group Report: Higgs Boson}",
      booktitle      = "{Proceedings, 2013 Community Summer Study on the Future
                        of U.S. Particle Physics: Snowmass on the Mississippi
                        (CSS2013): Minneapolis, MN, USA, July 29-August 6, 2013}",
      url            = "http://inspirehep.net/record/1262795/files/arXiv:1310.8361.pdf",
      year           = "2013",
      eprint         = "1310.8361",
      archivePrefix  = "arXiv",
      primaryClass   = "hep-ex",
      reportNumber   = "FERMILAB-CONF-13-671-T",
      SLACcitation   = "%%CITATION = ARXIV:1310.8361;%%"
}

@article{Dobrescu:2012td,
      author         = "Dobrescu, Bogdan A. and Lykken, Joseph D.",
      title          = "{Coupling spans of the Higgs-like boson}",
      journal        = "JHEP",
      volume         = "02",
      year           = "2013",
      pages          = "073",
      doi            = "10.1007/JHEP02(2013)073",
      eprint         = "1210.3342",
      archivePrefix  = "arXiv",
      primaryClass   = "hep-ph",
      reportNumber   = "FERMILAB-PUB-12-557-T",
      SLACcitation   = "%%CITATION = ARXIV:1210.3342;%%"
}

@article{LHCHiggsCrossSectionWorkingGroup:2012nn,
      author         = "David, A. and Denner, A. and Duehrssen, M. and Grazzini,
                        M. and Grojean, C. and Passarino, G. and Schumacher, M.
                        and Spira, M. and Weiglein, G. and Zanetti, M.",
      title          = "{LHC HXSWG interim recommendations to explore the
                        coupling structure of a Higgs-like particle}",
      collaboration  = "LHC Higgs Cross Section Working Group",
      year           = "2012",
      eprint         = "1209.0040",
      archivePrefix  = "arXiv",
      primaryClass   = "hep-ph",
      reportNumber   = "CERN-PH-TH-2012-284, LHCHXSWG-2012-001",
      SLACcitation   = "%%CITATION = ARXIV:1209.0040;%%"
}

@article{Duhrssen:2004cv,
      author         = "Duhrssen, M. and Heinemeyer, S. and Logan, H. and
                        Rainwater, D. and Weiglein, G. and Zeppenfeld, D.",
      title          = "{Extracting Higgs boson couplings from CERN LHC data}",
      journal        = "Phys. Rev.",
      volume         = "D70",
      year           = "2004",
      pages          = "113009",
      doi            = "10.1103/PhysRevD.70.113009",
      eprint         = "hep-ph/0406323",
      archivePrefix  = "arXiv",
      primaryClass   = "hep-ph",
      reportNumber   = "CERN-PH-TH-2004-103, DCPT-04-56, DESY-04-089, IPPP-04-28,
                        KA-TP-04-2004, MADPH-04-1384",
      SLACcitation   = "%%CITATION = HEP-PH/0406323;%%"
}

@article{Dulat:2015mca,
      author         = "Dulat, Sayipjamal and Hou, Tie-Jiun and Gao, Jun and
                        Guzzi, Marco and Huston, Joey and Nadolsky, Pavel and
                        Pumplin, Jon and Schmidt, Carl and Stump, Daniel and Yuan,
                        C. P.",
      title          = "{New parton distribution functions from a global analysis
                        of quantum chromodynamics}",
      journal        = "Phys. Rev.",
      volume         = "D93",
      year           = "2016",
      number         = "3",
      pages          = "033006",
      doi            = "10.1103/PhysRevD.93.033006",
      eprint         = "1506.07443",
      archivePrefix  = "arXiv",
      primaryClass   = "hep-ph",
      SLACcitation   = "%%CITATION = ARXIV:1506.07443;%%"
}

@article{Campbell:2011bn,
      author         = "Campbell, John M. and Ellis, R. Keith and Williams,
                        Ciaran",
      title          = "{Vector boson pair production at the LHC}",
      journal        = "JHEP",
      volume         = "07",
      year           = "2011",
      pages          = "018",
      doi            = "10.1007/JHEP07(2011)018",
      eprint         = "1105.0020",
      archivePrefix  = "arXiv",
      primaryClass   = "hep-ph",
      reportNumber   = "FERMILAB-PUB-11-182-T",
      SLACcitation   = "%%CITATION = ARXIV:1105.0020;%%"
}

@article{Catani:1996vz,
      author         = "Catani, S. and Seymour, M. H.",
      title          = "{A General algorithm for calculating jet cross-sections
                        in NLO QCD}",
      journal        = "Nucl. Phys.",
      volume         = "B485",
      year           = "1997",
      pages          = "291-419",
      doi            = "10.1016/S0550-3213(96)00589-5,
                        10.1016/S0550-3213(98)81022-5",
      note           = "[Erratum: Nucl. Phys.B510,503(1998)]",
      eprint         = "hep-ph/9605323",
      archivePrefix  = "arXiv",
      primaryClass   = "hep-ph",
      reportNumber   = "CERN-TH-96-029, CERN-TH-96-29",
      SLACcitation   = "%%CITATION = HEP-PH/9605323;%%"
}

@article{Bern:1993mq,
      author         = "Bern, Zvi and Dixon, Lance J. and Kosower, David A.",
      title          = "{One loop corrections to five gluon amplitudes}",
      journal        = "Phys. Rev. Lett.",
      volume         = "70",
      year           = "1993",
      pages          = "2677-2680",
      doi            = "10.1103/PhysRevLett.70.2677",
      eprint         = "hep-ph/9302280",
      archivePrefix  = "arXiv",
      primaryClass   = "hep-ph",
      reportNumber   = "SLAC-PUB-6054, CERN-TH-6803-93, UCLA-93-TEP-4",
      SLACcitation   = "%%CITATION = HEP-PH/9302280;%%"
}

@article{Bern:2002jx,
      author         = "Bern, Zvi and Dixon, Lance J. and Schmidt, Carl",
      title          = "{Isolating a light Higgs boson from the diphoton
                        background at the CERN LHC}",
      journal        = "Phys. Rev.",
      volume         = "D66",
      year           = "2002",
      pages          = "074018",
      doi            = "10.1103/PhysRevD.66.074018",
      eprint         = "hep-ph/0206194",
      archivePrefix  = "arXiv",
      primaryClass   = "hep-ph",
      reportNumber   = "SLAC-PUB-9198, UCLA-02-TEP-8, DAMTP-2002-41,
                        MSUHEP-20522",
      SLACcitation   = "%%CITATION = HEP-PH/0206194;%%"
}
@article{Bern:1991aq,
      author         = "Bern, Zvi and Kosower, David A.",
      title          = "{The Computation of loop amplitudes in gauge theories}",
      journal        = "Nucl. Phys.",
      volume         = "B379",
      year           = "1992",
      pages          = "451-561",
      doi            = "10.1016/0550-3213(92)90134-W",
      reportNumber   = "FERMILAB-PUB-91-111-T, PITT-91-05",
      SLACcitation   = "%%CITATION = NUPHA,B379,451;%%"
}

@article{Bern:1995db,
      author         = "Bern, Z. and Morgan, A. G.",
      title          = "{Massive loop amplitudes from unitarity}",
      journal        = "Nucl. Phys.",
      volume         = "B467",
      year           = "1996",
      pages          = "479-509",
      doi            = "10.1016/0550-3213(96)00078-8",
      eprint         = "hep-ph/9511336",
      archivePrefix  = "arXiv",
      primaryClass   = "hep-ph",
      reportNumber   = "UCLA-95-TEP-37",
      SLACcitation   = "%%CITATION = HEP-PH/9511336;%%"
}

@article{Bern:2001df,
      author         = "Bern, Z. and De Freitas, A. and Dixon, Lance J.",
      title          = "{Two loop amplitudes for gluon fusion into two photons}",
      journal        = "JHEP",
      volume         = "09",
      year           = "2001",
      pages          = "037",
      doi            = "10.1088/1126-6708/2001/09/037",
      eprint         = "hep-ph/0109078",
      archivePrefix  = "arXiv",
      primaryClass   = "hep-ph",
      reportNumber   = "SLAC-PUB-8976, UCLA-01-TEP-16",
      SLACcitation   = "%%CITATION = HEP-PH/0109078;%%"
}



@article{Cachazo:2004kj,
      author         = "Cachazo, Freddy and Svrcek, Peter and Witten, Edward",
      title          = "{MHV vertices and tree amplitudes in gauge theory}",
      journal        = "JHEP",
      volume         = "09",
      year           = "2004",
      pages          = "006",
      doi            = "10.1088/1126-6708/2004/09/006",
      eprint         = "hep-th/0403047",
      archivePrefix  = "arXiv",
      primaryClass   = "hep-th",
      SLACcitation   = "%%CITATION = HEP-TH/0403047;%%"
}

@techreport{ATL-PHYS-PUB-2014-016,
      title         = "{Projections for measurements of Higgs boson signal
                       strengths and coupling parameters with the ATLAS detector
                       at a HL-LHC}",
      institution   = "CERN",
      address       = "Geneva",
      number        = "ATL-PHYS-PUB-2014-016",
      month         = "Oct",
      year          = "2014",
      reportNumber  = "ATL-PHYS-PUB-2014-016",
      url           = "http://cds.cern.ch/record/1956710",
}

@article{Bishara:2016jga,
      author         = "Bishara, Fady and Haisch, Ulrich and Monni, Pier
                        Francesco and Re, Emanuele",
      title          = "{Constraining Light-Quark Yukawa Couplings from Higgs
                        Distributions}",
      journal        = "Phys. Rev. Lett.",
      volume         = "118",
      year           = "2017",
      number         = "12",
      pages          = "121801",
      doi            = "10.1103/PhysRevLett.118.121801",
      eprint         = "1606.09253",
      archivePrefix  = "arXiv",
      primaryClass   = "hep-ph",
      SLACcitation   = "%%CITATION = ARXIV:1606.09253;%%"
}

@article{Khachatryan:2016vau,
      author         = "Aad, Georges and others",
      title          = "{Measurements of the Higgs boson production and decay
                        rates and constraints on its couplings from a combined
                        ATLAS and CMS analysis of the LHC pp collision data at $\sqrt{s}=7 $ and 8 TeV}",
      collaboration  = "ATLAS, CMS",
      journal        = "JHEP",
      volume         = "08",
      year           = "2016",
      pages          = "045",
      doi            = "10.1007/JHEP08(2016)045",
      eprint         = "1606.02266",
      archivePrefix  = "arXiv",
      primaryClass   = "hep-ex",
      reportNumber   = "CERN-EP-2016-100, ATLAS-HIGG-2015-07, CMS-HIG-15-002",
      SLACcitation   = "%%CITATION = ARXIV:1606.02266;%%"
}

@article{Dittmaier:2011ti,
      author         = "Dittmaier, S. and others",
      title          = "{Handbook of LHC Higgs Cross Sections: 1. Inclusive
                        Observables}",
      collaboration  = "LHC Higgs Cross Section Working Group",
      doi            = "10.5170/CERN-2011-002",
      year           = "2011",
      eprint         = "1101.0593",
      archivePrefix  = "arXiv",
      primaryClass   = "hep-ph",
      reportNumber   = "CERN-2011-002",
      SLACcitation   = "%%CITATION = ARXIV:1101.0593;%%"
}

@article{Heinemeyer:2013tqa,
      author         = "Andersen, J R and others",
      editor         = "Heinemeyer, S and Mariotti, C and Passarino, G and
                        Tanaka, R",
      title          = "{Handbook of LHC Higgs Cross Sections: 3. Higgs
                        Properties}",
      collaboration  = "LHC Higgs Cross Section Working Group",
      doi            = "10.5170/CERN-2013-004",
      year           = "2013",
      eprint         = "1307.1347",
      archivePrefix  = "arXiv",
      primaryClass   = "hep-ph",
      reportNumber   = "CERN-2013-004, FERMILAB-CONF-13-667-T",
      SLACcitation   = "%%CITATION = ARXIV:1307.1347;%%"
}

@article{Dixon:2003yb,
      author         = "Dixon, Lance J. and Siu, M. Stewart",
      title          = "{Resonance continuum interference in the diphoton Higgs
                        signal at the LHC}",
      journal        = "Phys. Rev. Lett.",
      volume         = "90",
      year           = "2003",
      pages          = "252001",
      doi            = "10.1103/PhysRevLett.90.252001",
      eprint         = "hep-ph/0302233",
      archivePrefix  = "arXiv",
      primaryClass   = "hep-ph",
      reportNumber   = "SLAC-PUB-9654",
      SLACcitation   = "%%CITATION = HEP-PH/0302233;%%"
}

@article{Martin:2012xc,
      author         = "Martin, Stephen P.",
      title          = "{Shift in the LHC Higgs diphoton mass peak from
                        interference with background}",
      journal        = "Phys. Rev.",
      volume         = "D86",
      year           = "2012",
      pages          = "073016",
      doi            = "10.1103/PhysRevD.86.073016",
      eprint         = "1208.1533",
      archivePrefix  = "arXiv",
      primaryClass   = "hep-ph",
      reportNumber   = "FERMILAB-PUB-12-866-T",
      SLACcitation   = "%%CITATION = ARXIV:1208.1533;%%"
}

@article{Dixon:2013haa,
      author         = "Dixon, Lance J. and Li, Ye",
      title          = "{Bounding the Higgs Boson Width Through Interferometry}",
      journal        = "Phys. Rev. Lett.",
      volume         = "111",
      year           = "2013",
      pages          = "111802",
      doi            = "10.1103/PhysRevLett.111.111802",
      eprint         = "1305.3854",
      archivePrefix  = "arXiv",
      primaryClass   = "hep-ph",
      SLACcitation   = "%%CITATION = ARXIV:1305.3854;%%"
}

@article{Campbell:2017rke,
      author         = "Campbell, John and Carena, Marcela and Harnik, Roni and
                        Liu, Zhen",
      title          = "{Interference in the $gg\rightarrow h \rightarrow
                        \gamma\gamma$ On-Shell Rate and the Higgs Boson Total
                        Width}",
      journal        = "Phys. Rev. Lett.",
      volume         = "119",
      year           = "2017",
      number         = "18",
      pages          = "181801",
      doi            = "10.1103/PhysRevLett.119.199901,
                        10.1103/PhysRevLett.119.181801",
      note           = "[Addendum: Phys. Rev. Lett.119,no.19,199901(2017)]",
      eprint         = "1704.08259",
      archivePrefix  = "arXiv",
      primaryClass   = "hep-ph",
      reportNumber   = "FERMILAB-PUB-17-131-T",
      SLACcitation   = "%%CITATION = ARXIV:1704.08259;%%"
}

@article{Coradeschi:2015tna,
      author         = "Coradeschi, F. and de Florian, D. and Dixon, L. J. and
                        Fidanza, N. and Hoeche, S. and Ita, H. and Li, Y. and
                        Mazzitelli, J.",
      title          = "{Interference effects in the $H(\rightarrow \gamma\gamma)
                        + 2$ jets channel at the LHC}",
      journal        = "Phys. Rev.",
      volume         = "D92",
      year           = "2015",
      number         = "1",
      pages          = "013004",
      doi            = "10.1103/PhysRevD.92.013004",
      eprint         = "1504.05215",
      archivePrefix  = "arXiv",
      primaryClass   = "hep-ph",
      reportNumber   = "SLAC-PUB-16256, CALT-TH-2015-018, FR-PHENO-2015-003",
      SLACcitation   = "%%CITATION = ARXIV:1504.05215;%%"
}

@article{deFlorian:2013psa,
      author         = "de Florian, Daniel and Fidanza, Nerina and
                        Hernandez-Pinto, R. J. and Mazzitelli, Javier and
                        Rotstein Habarnau, Yamila and Sborlini, German F. R.",
      title          = "{A complete $O(\alpha_S^2)$ calculation of the
                        signal-background interference for the Higgs diphoton
                        decay channel}",
      journal        = "Eur. Phys. J.",
      volume         = "C73",
      year           = "2013",
      number         = "4",
      pages          = "2387",
      doi            = "10.1140/epjc/s10052-013-2387-9",
      eprint         = "1303.1397",
      archivePrefix  = "arXiv",
      primaryClass   = "hep-ph",
      SLACcitation   = "%%CITATION = ARXIV:1303.1397;%%"
}

@article{Martin:2013ula,
      author         = "Martin, Stephen P.",
      title          = "{Interference of Higgs diphoton signal and background in
                        production with a jet at the LHC}",
      journal        = "Phys. Rev.",
      volume         = "D88",
      year           = "2013",
      number         = "1",
      pages          = "013004",
      doi            = "10.1103/PhysRevD.88.013004",
      eprint         = "1303.3342",
      archivePrefix  = "arXiv",
      primaryClass   = "hep-ph",
      reportNumber   = "FERMILAB-PUB-13-677-T",
      SLACcitation   = "%%CITATION = ARXIV:1303.3342;%%"
}

@article{Gleisberg:2008ta,
      author         = "Gleisberg, T. and Hoeche, Stefan. and Krauss, F. and
                        Schonherr, M. and Schumann, S. and Siegert, F. and Winter,
                        J.",
      title          = "{Event generation with SHERPA 1.1}",
      journal        = "JHEP",
      volume         = "02",
      year           = "2009",
      pages          = "007",
      doi            = "10.1088/1126-6708/2009/02/007",
      eprint         = "0811.4622",
      archivePrefix  = "arXiv",
      primaryClass   = "hep-ph",
      reportNumber   = "FERMILAB-PUB-08-477-T, SLAC-PUB-13420, ZU-TH-17-08,
                        DCPT-08-138, IPPP-08-69, EDINBURGH-2008-30, MCNET-08-14",
      SLACcitation   = "%%CITATION = ARXIV:0811.4622;%%"
}

@article{Hoche:2015sya,
      author         = "Hoeche, Stefan and Prestel, Stefan",
      title          = "{The midpoint between dipole and parton showers}",
      journal        = "Eur. Phys. J.",
      volume         = "C75",
      year           = "2015",
      number         = "9",
      pages          = "461",
      doi            = "10.1140/epjc/s10052-015-3684-2",
      eprint         = "1506.05057",
      archivePrefix  = "arXiv",
      primaryClass   = "hep-ph",
      reportNumber   = "SLAC-PUB-16304, MCNET-15-13",
      SLACcitation   = "%%CITATION = ARXIV:1506.05057;%%"
}

@article{Caola:2018zye,
      author         = "Caola, Fabrizio and Lindert, Jonas M. and Melnikov,
                        Kirill and Monni, Pier Francesco and Tancredi, Lorenzo and
                        Wever, Christopher",
      title          = "{Bottom-quark effects in Higgs production at intermediate
                        transverse momentum}",
      journal        = "JHEP",
      volume         = "09",
      year           = "2018",
      pages          = "035",
      doi            = "10.1007/JHEP09(2018)035",
      eprint         = "1804.07632",
      archivePrefix  = "arXiv",
      primaryClass   = "hep-ph",
      reportNumber   = "IPPP-18-27, IPPP/18/27, CERN-TH-2018-089, TTP-18-016",
      SLACcitation   = "%%CITATION = ARXIV:1804.07632;%%"
}

@article{Kauer:2012hd,
      author         = "Kauer, Nikolas and Passarino, Giampiero",
      title          = "{Inadequacy of zero-width approximation for a light Higgs
                        boson signal}",
      journal        = "JHEP",
      volume         = "08",
      year           = "2012",
      pages          = "116",
      doi            = "10.1007/JHEP08(2012)116",
      eprint         = "1206.4803",
      archivePrefix  = "arXiv",
      primaryClass   = "hep-ph",
      SLACcitation   = "%%CITATION = ARXIV:1206.4803;%%"
}

@article{Caola:2013yja,
      author         = "Caola, Fabrizio and Melnikov, Kirill",
      title          = "{Constraining the Higgs boson width with ZZ production at
                        the LHC}",
      journal        = "Phys. Rev.",
      volume         = "D88",
      year           = "2013",
      pages          = "054024",
      doi            = "10.1103/PhysRevD.88.054024",
      eprint         = "1307.4935",
      archivePrefix  = "arXiv",
      primaryClass   = "hep-ph",
      SLACcitation   = "%%CITATION = ARXIV:1307.4935;%%"
}

@article{Campbell:2013una,
      author         = "Campbell, John M. and Ellis, R. Keith and Williams,
                        Ciaran",
      title          = "{Bounding the Higgs width at the LHC using full analytic
                        results for $gg -> e^- e^+ \mu^- \mu^+$}",
      journal        = "JHEP",
      volume         = "04",
      year           = "2014",
      pages          = "060",
      doi            = "10.1007/JHEP04(2014)060",
      eprint         = "1311.3589",
      archivePrefix  = "arXiv",
      primaryClass   = "hep-ph",
      reportNumber   = "FERMILAB-PUB-13-508-T",
      SLACcitation   = "%%CITATION = ARXIV:1311.3589;%%"
}

@article{Campbell:2013wga,
      author         = "Campbell, John M. and Ellis, R. Keith and Williams,
                        Ciaran",
      title          = "{Bounding the Higgs width at the LHC: Complementary
                        results from $H \to WW$}",
      journal        = "Phys. Rev.",
      volume         = "D89",
      year           = "2014",
      number         = "5",
      pages          = "053011",
      doi            = "10.1103/PhysRevD.89.053011",
      eprint         = "1312.1628",
      archivePrefix  = "arXiv",
      primaryClass   = "hep-ph",
      reportNumber   = "FERMILAB-PUB-13-553-T",
      SLACcitation   = "%%CITATION = ARXIV:1312.1628;%%"
}

@article{Englert:2014aca,
      author         = "Englert, Christoph and Spannowsky, Michael",
      title          = "{Limitations and Opportunities of Off-Shell Coupling
                        Measurements}",
      journal        = "Phys. Rev.",
      volume         = "D90",
      year           = "2014",
      pages          = "053003",
      doi            = "10.1103/PhysRevD.90.053003",
      eprint         = "1405.0285",
      archivePrefix  = "arXiv",
      primaryClass   = "hep-ph",
      reportNumber   = "IPPP-14-37, DCPT-14-74",
      SLACcitation   = "%%CITATION = ARXIV:1405.0285;%%"
}

@article{Logan:2014ppa,
      author         = "Logan, Heather E.",
      title          = "{Hiding a Higgs width enhancement from off-shell
                        $gg(\to h*)\to ZZ$ measurements}",
      journal        = "Phys. Rev.",
      volume         = "D92",
      year           = "2015",
      number         = "7",
      pages          = "075038",
      doi            = "10.1103/PhysRevD.92.075038",
      eprint         = "1412.7577",
      archivePrefix  = "arXiv",
      primaryClass   = "hep-ph",
      SLACcitation   = "%%CITATION = ARXIV:1412.7577;%%"
}

@article{Anderson:2013afp,
      author         = "Anderson, Ian and others",
      title          = "{Constraining anomalous HVV interactions at proton and
                        lepton colliders}",
      booktitle      = "{Proceedings, 2013 Community Summer Study on the Future
                        of U.S. Particle Physics: Snowmass on the Mississippi
                        (CSS2013): Minneapolis, MN, USA, July 29-August 6, 2013}",
      journal        = "Phys. Rev.",
      volume         = "D89",
      year           = "2014",
      number         = "3",
      pages          = "035007",
      doi            = "10.1103/PhysRevD.89.035007",
      eprint         = "1309.4819",
      archivePrefix  = "arXiv",
      primaryClass   = "hep-ph",
      reportNumber   = "FERMILAB-PUB-13-386-PPD",
      SLACcitation   = "%%CITATION = ARXIV:1309.4819;%%"
}

@article{Azatov:2014jga,
      author         = "Azatov, Aleksandr and Grojean, Christophe and Paul, Ayan
                        and Salvioni, Ennio",
      title          = "{Taming the off-shell Higgs boson}",
      journal        = "Zh. Eksp. Teor. Fiz.",
      volume         = "147",
      year           = "2015",
      pages          = "410-425",
      doi            = "10.1134/S1063776115030140, 10.7868/S0044451015030039",
      note           = "[J. Exp. Theor. Phys.120,354(2015)]",
      eprint         = "1406.6338",
      archivePrefix  = "arXiv",
      primaryClass   = "hep-ph",
      reportNumber   = "CERN-PH-TH-2014-108",
      SLACcitation   = "%%CITATION = ARXIV:1406.6338;%%"
}

@article{Englert:2014ffa,
      author         = "Englert, Christoph and Soreq, Yotam and Spannowsky,
                        Michael",
      title          = "{Off-Shell Higgs Coupling Measurements in BSM scenarios}",
      journal        = "JHEP",
      volume         = "05",
      year           = "2015",
      pages          = "145",
      doi            = "10.1007/JHEP05(2015)145",
      eprint         = "1410.5440",
      archivePrefix  = "arXiv",
      primaryClass   = "hep-ph",
      reportNumber   = "IPPP-14-91, DCPT-14-182",
      SLACcitation   = "%%CITATION = ARXIV:1410.5440;%%"
}

@article{Campbell:2015vwa,
      author         = "Campbell, John M. and Ellis, R. Keith",
      title          = "{Higgs Constraints from Vector Boson Fusion and
                        Scattering}",
      journal        = "JHEP",
      volume         = "04",
      year           = "2015",
      pages          = "030",
      doi            = "10.1007/JHEP04(2015)030",
      eprint         = "1502.02990",
      archivePrefix  = "arXiv",
      primaryClass   = "hep-ph",
      reportNumber   = "FERMILAB-PUB-15-030-T",
      SLACcitation   = "%%CITATION = ARXIV:1502.02990;%%"
}

@article{Campbell:2016ivq,
      author         = "Campbell, John M. and Ellis, R. Keith and Czakon, Michal
                        and Kirchner, Sebastian",
      title          = "{Two loop correction to interference in $gg \to ZZ$}",
      journal        = "JHEP",
      volume         = "08",
      year           = "2016",
      pages          = "011",
      doi            = "10.1007/JHEP08(2016)011",
      eprint         = "1605.01380",
      archivePrefix  = "arXiv",
      primaryClass   = "hep-ph",
      reportNumber   = "FERMILAB-PUB-16-113-T, IPPP-16-28, TTK-16-12",
      SLACcitation   = "%%CITATION = ARXIV:1605.01380;%%"
}

@article{Caola:2016trd,
      author         = "Caola, Fabrizio and Dowling, Matthew and Melnikov, Kirill
                        and Roentsch, Raoul and Tancredi, Lorenzo",
      title          = "{QCD corrections to vector boson pair production in gluon
                        fusion including interference effects with off-shell Higgs
                        at the LHC}",
      journal        = "JHEP",
      volume         = "07",
      year           = "2016",
      pages          = "087",
      doi            = "10.1007/JHEP07(2016)087",
      eprint         = "1605.04610",
      archivePrefix  = "arXiv",
      primaryClass   = "hep-ph",
      reportNumber   = "TTP-16-017, CERN-TH-2016-119",
      SLACcitation   = "%%CITATION = ARXIV:1605.04610;%%"
}

@article{Campbell:2014gua,
      author         = "Campbell, John M. and Ellis, R. Keith and Furlan,
                        Elisabetta and Roentsch, Raoul",
      title          = "{Interference effects for Higgs boson mediated $Z$-pair
                        plus jet production}",
      journal        = "Phys. Rev.",
      volume         = "D90",
      year           = "2014",
      number         = "9",
      pages          = "093008",
      doi            = "10.1103/PhysRevD.90.093008",
      eprint         = "1409.1897",
      archivePrefix  = "arXiv",
      primaryClass   = "hep-ph",
      reportNumber   = "FERMILAB-PUB-14-315-T",
      SLACcitation   = "%%CITATION = ARXIV:1409.1897;%%"
}

@article{Caola:2015psa,
      author         = "Caola, Fabrizio and Melnikov, Kirill and Roentsch, Raoul
                        and Tancredi, Lorenzo",
      title          = "{QCD corrections to ZZ production in gluon fusion at the
                        LHC}",
      journal        = "Phys. Rev.",
      volume         = "D92",
      year           = "2015",
      number         = "9",
      pages          = "094028",
      doi            = "10.1103/PhysRevD.92.094028",
      eprint         = "1509.06734",
      archivePrefix  = "arXiv",
      primaryClass   = "hep-ph",
      reportNumber   = "TTP15-035, CERN-PH-TH-2015-226, FERMILAB-PUB-15-398-T",
      SLACcitation   = "%%CITATION = ARXIV:1509.06734;%%"
}

@article{Caola:2015rqy,
      author         = "Caola, Fabrizio and Melnikov, Kirill and Roentsch, Raoul
                        and Tancredi, Lorenzo",
      title          = "{QCD corrections to $W^+W^-$ production through gluon
                        fusion}",
      journal        = "Phys. Lett.",
      volume         = "B754",
      year           = "2016",
      pages          = "275-280",
      doi            = "10.1016/j.physletb.2016.01.046",
      eprint         = "1511.08617",
      archivePrefix  = "arXiv",
      primaryClass   = "hep-ph",
      reportNumber   = "CERN-PH-TH-2015-276, TTP15-041",
      SLACcitation   = "%%CITATION = ARXIV:1511.08617;%%"
}

@article{Bonvini:2013jha,
      author         = "Bonvini, Marco and Caola, Fabrizio and Forte, Stefano and
                        Melnikov, Kirill and Ridolfi, Giovanni",
      title          = "{Signal-background interference effects for
                        $gg\to H\to W^+W^-$ beyond leading order}",
      journal        = "Phys. Rev.",
      volume         = "D88",
      year           = "2013",
      number         = "3",
      pages          = "034032",
      doi            = "10.1103/PhysRevD.88.034032",
      eprint         = "1304.3053",
      archivePrefix  = "arXiv",
      primaryClass   = "hep-ph",
      reportNumber   = "DESY-13-059, IFUM-1011-FT",
      SLACcitation   = "%%CITATION = ARXIV:1304.3053;%%"
}

@article{Borowka:2016ehy,
      author         = "Borowka, S. and Greiner, N. and Heinrich, G. and Jones, S. P. and Kerner, M. and Schlenk, J. and Schubert, U. and Zirke, T.",
      title          = "{Higgs Boson Pair Production in Gluon Fusion at
                        Next-to-Leading Order with Full Top-Quark Mass
                        Dependence}",
      journal        = "Phys. Rev. Lett.",
      volume         = "117",
      year           = "2016",
      number         = "1",
      pages          = "012001",
      doi            = "10.1103/PhysRevLett.117.079901,
                        10.1103/PhysRevLett.117.012001",
      note           = "[Erratum: Phys. Rev. Lett.117,no.7,079901(2016)]",
      eprint         = "1604.06447",
      archivePrefix  = "arXiv",
      primaryClass   = "hep-ph",
      reportNumber   = "MPP-2016-80, NSF-KITP-16-040, ZH-TH-14-16",
      SLACcitation   = "%%CITATION = ARXIV:1604.06447;%%"
}

@article{Alioli:2016xab,
      author         = "Alioli, Simone and Caola, Fabrizio and Luisoni, Gionata
                        and Roentsch, Raul",
      title          = "{ZZ production in gluon fusion at NLO matched to
                        parton-shower}",
      journal        = "Phys. Rev.",
      volume         = "D95",
      year           = "2017",
      number         = "3",
      pages          = "034042",
      doi            = "10.1103/PhysRevD.95.034042",
      eprint         = "1609.09719",
      archivePrefix  = "arXiv",
      primaryClass   = "hep-ph",
      reportNumber   = "CERN-TH-2016-197",
      SLACcitation   = "%%CITATION = ARXIV:1609.09719;%%"
}

@article{deFlorian:2016spz,
      author         = "de Florian, D. and others",
      title          = "{Handbook of LHC Higgs Cross Sections: 4. Deciphering the
                        Nature of the Higgs Sector}",
      collaboration  = "LHC Higgs Cross Section Working Group",
      doi            = "10.23731/CYRM-2017-002",
      year           = "2016",
      eprint         = "1610.07922",
      archivePrefix  = "arXiv",
      primaryClass   = "hep-ph",
      reportNumber   = "FERMILAB-FN-1025-T, CERN-2017-002-M",
      SLACcitation   = "%%CITATION = ARXIV:1610.07922;%%"
}
@techreport{ATL-PHYS-PUB-2015-024,
      title         = "{Off-shell Higgs signal strength measurement using
                       high-mass H$\rightarrow$ZZ$\rightarrow$ 4l events at High
                       Luminosity LHC}",
      institution   = "CERN",
      address       = "Geneva",
      number        = "ATL-PHYS-PUB-2015-024",
      month         = "Jul",
      year          = "2015",
      reportNumber  = "ATL-PHYS-PUB-2015-024",
      url           = "https://cds.cern.ch/record/2037715",
}
@article{PhysRevD.91.012006,
 title = {Measurements of Higgs boson production and couplings in the four-lepton channel in $pp$ collisions at center-of-mass energies of 7 and 8 TeV with the ATLAS detector},
  collaboration = {ATLAS Collaboration},
  journal = {Phys. Rev. D},
  volume = {91},
  issue = {1},
  pages = {012006},
  numpages = {47},
  year = {2015},
  month = {Jan},
  publisher = {American Physical Society},
  doi = {10.1103/PhysRevD.91.012006},
  url = {https://link.aps.org/doi/10.1103/PhysRevD.91.012006}
}
@article{Aaboud:2018puo,
      author         = "Aaboud, Morad and others",
      title          = "{Constraints on off-shell Higgs boson production and the
                        Higgs boson total width in $ZZ\to4\ell$ and
                        $ZZ\to2\ell2\nu$ final states with the ATLAS detector}",
      collaboration  = "ATLAS",
      journal        = "Phys. Lett.",
      volume         = "B786",
      year           = "2018",
      pages          = "223-244",
      doi            = "10.1016/j.physletb.2018.09.048",
      eprint         = "1808.01191",
      archivePrefix  = "arXiv",
      primaryClass   = "hep-ex",
      reportNumber   = "CERN-EP-2018-178",
      SLACcitation   = "%%CITATION = ARXIV:1808.01191;%%"
}
@article{CMS:2018bwq,
      author         = "CMS Collaboration",
      title          = "{Measurements of Higgs boson properties from on-shell and
                        off-shell production in the four-lepton final state}",
      collaboration  = "CMS",
      year           = "2018",
      reportNumber   = "CMS-PAS-HIG-18-002",
      SLACcitation   = "%%CITATION = CMS-PAS-HIG-18-002;%%"
}
