@book{Mangano:2270978,
      author        = "Mangano, Michelangelo",
      title         = "{Physics at the FCC-hh, a 100 TeV pp collider}",
      publisher     = "CERN",
      address       = "Geneva",
      series        = "CERN Yellow Reports: Monographs",
      year          = "2017",
      url           = "https://cds.cern.ch/record/2270978",
}
@article{Ade:2015xua,
      author         = "Ade, P. A. R. and others",
      title          = "{Planck 2015 results. XIII. Cosmological parameters}",
      collaboration  = "Planck",
      journal        = "Astron. Astrophys.",
      volume         = "594",
      year           = "2016",
      pages          = "A13",
      doi            = "10.1051/0004-6361/201525830",
      eprint         = "1502.01589",
      archivePrefix  = "arXiv",
      primaryClass   = "astro-ph.CO",
      SLACcitation   = "%%CITATION = ARXIV:1502.01589;%%"
}

@article{Agostinelli:2002hh,
      author         = "Agostinelli, S. and others",
      title          = "{GEANT4: A Simulation toolkit}",
      collaboration  = "GEANT4",
      journal        = "Nucl. Instrum. Meth.",
      volume         = "A506",
      year           = "2003",
      pages          = "250-303",
      doi            = "10.1016/S0168-9002(03)01368-8",
      reportNumber   = "SLAC-PUB-9350, FERMILAB-PUB-03-339",
      SLACcitation   = "%%CITATION = NUIMA,A506,250;%%"
}

@article{Allison:2006ve,
      author         = "Allison, John and others",
      title          = "{Geant4 developments and applications}",
      journal        = "IEEE Trans. Nucl. Sci.",
      volume         = "53",
      year           = "2006",
      pages          = "270",
      doi            = "10.1109/TNS.2006.869826",
      reportNumber   = "SLAC-PUB-11870",
      SLACcitation   = "%%CITATION = IETNA,53,270;%%"
}

@techreport{ATLAS_LAr_TDR,
      author        = "Collaboration, ATLAS",
      title         = "{Technical Design Report for the Phase-II Upgrade of the
                       ATLAS LAr Calorimeter}",
      institution   = "CERN",
      address       = "Geneva",
      number        = "CERN-LHCC-2017-018. ATLAS-TDR-027",
      month         = "Sep",
      year          = "2017",
      reportNumber  = "CERN-LHCC-2017-018",
      url           = "http://cds.cern.ch/record/2285582",
}

@techreport{ATLAS_Muon_TDR,
      author        = "Collaboration, ATLAS",
      title         = "{Technical Design Report for the Phase-II Upgrade of the
                       ATLAS Muon Spectrometer}",
      institution   = "CERN",
      address       = "Geneva",
      number        = "CERN-LHCC-2017-017. ATLAS-TDR-026",
      month         = "Sep",
      year          = "2017",
      reportNumber  = "CERN-LHCC-2017-017",
      url           = "http://cds.cern.ch/record/2285580",
}

@techreport{ATLAS_PERF_Note,
     author        = "{ATLAS Collaboration}",
     title         = "{Expected performance of the ATLAS detector at HL-LHC}",
     institution   = "CERN",
     collaboration = "ATLAS Collaboration",
     address       = "Geneva",
     number        = "in progress",
     month         = "Dec",
     year          = "2018",
     reportNumber  = "In Progress",
}

@techreport{ATLAS_Pixel_TDR,
      author        = "Collaboration, ATLAS",
      title         = "{Technical Design Report for the ATLAS Inner Tracker Pixel
                       Detector}",
      institution   = "CERN",
      address       = "Geneva",
      number        = "CERN-LHCC-2017-021. ATLAS-TDR-030",
      month         = "Sep",
      year          = "2017",
      reportNumber  = "CERN-LHCC-2017-021",
      url           = "http://cds.cern.ch/record/2285585",
}

@techreport{ATLAS_Strip_TDR,
      author        = "Collaboration, ATLAS",
      title         = "{Technical Design Report for the ATLAS Inner Tracker Strip
                       Detector}",
      institution   = "CERN",
      address       = "Geneva",
      number        = "CERN-LHCC-2017-005. ATLAS-TDR-025",
      month         = "Apr",
      year          = "2017",
      reportNumber  = "CERN-LHCC-2017-005",
      url           = "http://cds.cern.ch/record/2257755",
}

@techreport{ATLAS_TDAQ_TDR,
      author        = "Collaboration, ATLAS",
      title         = "{Technical Design Report for the Phase-II Upgrade of the
                       ATLAS TDAQ System}",
      institution   = "CERN",
      address       = "Geneva",
      number        = "CERN-LHCC-2017-020. ATLAS-TDR-029",
      month         = "Sep",
      year          = "2017",
      reportNumber  = "CERN-LHCC-2017-020",
      url           = "http://cds.cern.ch/record/2285584",
}

@techreport{ATLAS_Tile_TDR,
      author        = "Collaboration, ATLAS",
      title         = "{Technical Design Report for the Phase-II Upgrade of the
                       ATLAS Tile Calorimeter}",
      institution   = "CERN",
      address       = "Geneva",
      number        = "CERN-LHCC-2017-019. ATLAS-TDR-028",
      month         = "Sep",
      year          = "2017",
      reportNumber  = "CERN-LHCC-2017-019",
      url           = "http://cds.cern.ch/record/2285583",
}

@techreport{ATLAS_TP_HGTD,
      author        = "Collaboration, ATLAS",
      title         = "{Technical Proposal: A High-Granularity Timing Detector
                       for the ATLAS Phase-II Upgrade}",
      institution   = "CERN",
      address       = "Geneva",
      number        = "CERN-LHCC-2018-023. LHCC-P-012",
      month         = "Jun",
      year          = "2018",
      reportNumber  = "CERN-LHCC-2018-023",
      url           = "http://cds.cern.ch/record/2623663",
}

@article{Cacciari:2008gp,
      author         = "Cacciari, Matteo and Salam, Gavin P. and Soyez, Gregory",
      title          = "{The anti-$k_t$ jet clustering algorithm}",
      journal        = "JHEP",
      volume         = "04",
      year           = "2008",
      pages          = "063",
      doi            = "10.1088/1126-6708/2008/04/063",
      eprint         = "0802.1189",
      archivePrefix  = "arXiv",
      primaryClass   = "hep-ph",
      reportNumber   = "LPTHE-07-03",
      SLACcitation   = "%%CITATION = ARXIV:0802.1189;%%"
}

@TechReport{CMS_Barrel_TDR,
  author =        {{CMS Collaboration}},
  title =         {{The Phase-2 Upgrade of the CMS Barrel Calorimeters Technical Design Report}},
  institution =   {CERN},
  year =          {2017},
  number =        {CERN-LHCC-2017-011. CMS-TDR-015},
  collaboration = {CMS},
  reportnumber =  {CERN-LHCC-2017-011},
  url =           {https://cds.cern.ch/record/2283187}
}

@techreport{Collaboration:2650976,
      author        = "The CMS Collaboration",
      title         = "{Expected performance of the physics objects with the
                       upgraded CMS detector at the HL-LHC}",
      institution   = "CERN",
      collaboration = "CMS Collaboration",
      address       = "Geneva",
      number        = "CMS-NOTE-2018-006. CERN-CMS-NOTE-2018-006",
      month         = "Dec",
      year          = "2018",
      reportNumber  = "CMS-NOTE-2018-006",
      url           = "https://cds.cern.ch/record/2650976",
}

@TechReport{CMS_Tracker_TDR,
  author =        {{CMS Collaboration}},
  title =         {{The Phase-2 Upgrade of the CMS Tracker}},
  institution =   {CERN},
  year =          {2017},
  number =        {CERN-LHCC-2017-009. CMS-TDR-014},
  collaboration = {CMS},
  reportnumber =  {CERN-LHCC-2017-009},
  url =           {https://cds.cern.ch/record/2272264}
}

@article{cteq6,
        author         = "Pumplin, J. and Stump, D.R. and Huston, J. and Lai, H.L. and Nadolsky, Pavel M. and others",
        title          = "{New generation of parton distributions with uncertainties from global QCD analysis}",
        journal        = "JHEP",
	volume         = "07",
	pages          = "012",
        doi            = "10.1088/1126-6708/2002/07/012",
        year           = "2002",
        eprint         = "hep-ph/0201195",
        archivePrefix  = "arXiv",
        primaryClass   = "hep-ph",
        reportNumber   = "MSU-HEP-011101",
        SLACcitation   = "%%CITATION = HEP-PH/0201195;%%",                                          
}


@article{deFavereau:2013fsa,
      author         = "de Favereau, J. and Delaere, C. and Demin, P. and
                        Giammanco, A. and Lema√Ætre, V. and Mertens, A. and
                        Selvaggi, M.",
      title          = "{DELPHES 3, A modular framework for fast simulation of a
                        generic collider experiment}",
      collaboration  = "DELPHES 3",
      journal        = "JHEP",
      volume         = "02",
      year           = "2014",
      pages          = "057",
      doi            = "10.1007/JHEP02(2014)057",
      eprint         = "1307.6346",
      archivePrefix  = "arXiv",
      primaryClass   = "hep-ex",
      SLACcitation   = "%%CITATION = ARXIV:1307.6346;%%"
}

@article{fastjet,
      author         = "Cacciari, Matteo and Salam, Gavin P. and Soyez, Gregory",
      title          = "{FastJet User Manual}",
      journal        = "Eur. Phys. J.",
      volume         = "C72",
      year           = "2012",
      pages          = "1896",
      doi            = "10.1140/epjc/s10052-012-1896-2",
      eprint         = "1111.6097",
      archivePrefix  = "arXiv",
      primaryClass   = "hep-ph",
      reportNumber   = "CERN-PH-TH-2011-297",
      SLACcitation   = "%%CITATION = ARXIV:1111.6097;%%"
}

@article{Khalek:2018mdn,
      author         = "Khalek, Rabah Abdul and Bailey, Shaun and Gao, Jun and
                        Harland-Lang, Lucian and Rojo, Juan",
      title          = "{Towards Ultimate Parton Distributions at the
                        High-Luminosity LHC}",
      journal        = "Eur. Phys. J.",
      volume         = "C78",
      year           = "2018",
      number         = "11",
      pages          = "962",
      doi            = "10.1140/epjc/s10052-018-6448-y",
      eprint         = "1810.03639",
      archivePrefix  = "arXiv",
      primaryClass   = "hep-ph",
      reportNumber   = "Nikhef/2018-041",
      SLACcitation   = "%%CITATION = ARXIV:1810.03639;%%"
}

@article{LHCb-PROC-2010-056,
      author         = "Belyaev, I. and others",
      title          = "{Handling of the generation of primary events
                         in Gauss, the LHCb simulation framework}",
      journal="J. Phys. Conf. Ser.",
      volume={331},
      pages={032047},
      doi={10.1088/1742-6596/331/3/032047},
      year={2011},
}


@article{LHCb-PROC-2011-006,
  author="Clemencic, M and others",
  title="{The LHCb simulation application, Gauss: Design, evolution and experience}",
  journal="J. Phys. Conf. Ser.",
  volume={331},
  pages={032023},
  doi={10.1088/1742-6596/331/3/032023},
  year={2011},
}

@article{Sjostrand:2007gs,
      author         = "Sjostrand, Torbjorn and Mrenna, Stephen and Skands, Peter
                        Z.",
      title          = "{A Brief Introduction to PYTHIA 8.1}",
      journal        = "Comput. Phys. Commun.",
      volume         = "178",
      year           = "2008",
      pages          = "852-867",
      doi            = "10.1016/j.cpc.2008.01.036",
      eprint         = "0710.3820",
      archivePrefix  = "arXiv",
      primaryClass   = "hep-ph",
      reportNumber   = "CERN-LCGAPP-2007-04, LU-TP-07-28,
                        FERMILAB-PUB-07-512-CD-T",
      SLACcitation   = "%%CITATION = ARXIV:0710.3820;%%"
}


@techreport{CMSL1interim,
      author        = "Collaboration, CMS",
      title         = "{The Phase-2 Upgrade of the CMS L1 Trigger Interim
                       Technical Design Report}",
      institution   = "CERN",
      address       = "Geneva",
      number        = "CERN-LHCC-2017-013. CMS-TDR-017",
      month         = "Sep",
      year          = "2017",
      reportNumber  = "CERN-LHCC-2017-013",
      url           = "https://cds.cern.ch/record/2283192",
      note          = "This is the CMS Interim TDR devoted to the upgrade of the
                       CMS L1 trigger in view of the HL-LHC running, as approved
                       by the LHCC.",
}

@techreport{Contardo:2020886,
      collaboration  = "CMS",
      author        = "Contardo, D and Klute, M and Mans, J and Silvestris, L and
                       Butler, J",
      title         = "{Technical Proposal for the Phase-II Upgrade of the CMS
                       Detector}",
      number        = "CERN-LHCC-2015-010. LHCC-P-008. CMS-TDR-15-02",
      year          = "2015",
      reportNumber  = "CERN-LHCC-2015-010",
      url           = "https://cds.cern.ch/record/2020886",
 }

@techreport{CMS_HGCal_TDR,
      collaboration  = "CMS",
      title         = "{The Phase-2 Upgrade of the CMS Endcap Calorimeter}",
      number        = "CERN-LHCC-2017-023. CMS-TDR-019",
      year          = "2017",
      reportNumber  = "CERN-LHCC-2017-023",
      url           = "https://cds.cern.ch/record/2293646",
}

@techreport{CMS_MTD_TP,
      collaboration  = "CMS",
      title         = "{Technical Proposal for a MIP Timing Detector in the CMS Experiment Phase-2 Upgrade}",
      number        = "CERN-LHCC-2017-027. LHCC-P-009",
      year          = "2017",
      reportNumber  = "CERN-LHCC-2017-027",
      url           = "https://cds.cern.ch/record/2296612",
}

@techreport{CMS_Muon_TDR,
      collaboration  = "CMS",
      title         = "{The Phase-2 Upgrade of the CMS Muon Detectors}",
      number        = "CERN-LHCC-2017-012. CMS-TDR-016",
      year          = "2017",
      reportNumber  = "CERN-LHCC-2017-012",
      url           = "https://cds.cern.ch/record/2283189",
}


