% -- include here the bibtex style bibliography items for your section

%% references for ATLAS di-Higgs measurement
@article{ITKPixelTDR,
      author        = "Collaboration, ATLAS",
      title         = "{Technical Design Report for the ATLAS Inner Tracker Pixel
                       Detector}",
      institution   = "CERN",
      address       = "Geneva",
      number        = "CERN-LHCC-2017-021. ATLAS-TDR-030",
      month         = "Sep",
      year          = "2017",
      reportNumber  = "CERN-LHCC-2017-021",
      url           = "https://cds.cern.ch/record/2285585",
}


@misc{ATLASrun2HHbbtautau,
      title = "Run 2 paper in preparation",
      year = "CERN-EP-2018-164",
}

@misc{ATLASHHPUBnote,
      title = "PUB note in preparation",
}
%% end of references for ATLAS di-Higgs measurement


%% references for di-Higgs HE-prospects (Homiller & Meade)

@techreport{ATL-PHYS-PUB-2014-019,
      title         = "{Prospects for measuring Higgs pair production in the
                       channel $H(\rightarrow\gamma\gamma)H(\rightarrow
                       b\overline{b}) $ using the ATLAS detector at the HL-LHC}",
      institution   = "CERN",
      address       = "Geneva",
      number        = "ATL-PHYS-PUB-2014-019",
      month         = "Oct",
      year          = "2014",
      reportNumber  = "ATL-PHYS-PUB-2014-019",
      url           = "http://cds.cern.ch/record/1956733",
}

@techreport{ATL-PHYS-PUB-2017-001,
      title         = "{Study of the double Higgs production channel
                       $H(\rightarrow b\bar{b})H(\rightarrow \gamma\gamma)$ with
                       the ATLAS experiment at the HL-LHC}",
      institution   = "CERN",
      collaboration = "ATLAS",
      address       = "Geneva",
      number        = "ATL-PHYS-PUB-2017-001",
      month         = "Jan",
      year          = "2017",
      reportNumber  = "ATL-PHYS-PUB-2017-001",
      url           = "https://cds.cern.ch/record/2243387",
}

@article{Contino:2016spe,
      author         = "Contino, R. and others",
      title          = "{Physics at a 100 TeV pp collider: Higgs and EW symmetry
                        breaking studies}",
      journal        = "CERN Yellow Report",
      year           = "2017",
      number         = "3",
      pages          = "255-440",
      doi            = "10.23731/CYRM-2017-003.255",
      eprint         = "1606.09408",
      archivePrefix  = "arXiv",
      primaryClass   = "hep-ph",
      reportNumber   = "CERN-TH-2016-113",
      SLACcitation   = "%%CITATION = ARXIV:1606.09408;%%"
}

@article{Homiller:2018xxx,
	Author = {Homiller, Samuel and Meade, Patrick},
	title = "{Measurement of the Triple Higgs Coupling at a HE-LHC}",
	journal = {to appear},
	year = {2018}
}

@article{Alwall:2014hca,
      author         = "Alwall, J. and Frederix, R. and Frixione, S. and Hirschi,
                        V. and Maltoni, F. and Mattelaer, O. and Shao, H. -S. and
                        Stelzer, T. and Torrielli, P. and Zaro, M.",
      title          = "{The automated computation of tree-level and
                        next-to-leading order differential cross sections, and
                        their matching to parton shower simulations}",
      journal        = "JHEP",
      volume         = "07",
      year           = "2014",
      pages          = "079",
      doi            = "10.1007/JHEP07(2014)079",
      eprint         = "1405.0301",
      archivePrefix  = "arXiv",
      primaryClass   = "hep-ph",
      reportNumber   = "CERN-PH-TH-2014-064, CP3-14-18, LPN14-066, MCNET-14-09,
                        ZU-TH-14-14",
      SLACcitation   = "%%CITATION = ARXIV:1405.0301;%%"
}

@article{Hirschi:2015iia,
      author         = "Hirschi, Valentin and Mattelaer, Olivier",
      title          = "{Automated event generation for loop-induced processes}",
      journal        = "JHEP",
      volume         = "10",
      year           = "2015",
      pages          = "146",
      doi            = "10.1007/JHEP10(2015)146",
      eprint         = "1507.00020",
      archivePrefix  = "arXiv",
      primaryClass   = "hep-ph",
      reportNumber   = "IPPP-15-35, DCPT-15-70, MCNET-15-14",
      SLACcitation   = "%%CITATION = ARXIV:1507.00020;%%"
}

@article{Ball:2014uwa,
      author         = "Ball, Richard D. and others",
      title          = "{Parton distributions for the LHC Run II}",
      collaboration  = "NNPDF",
      journal        = "JHEP",
      volume         = "04",
      year           = "2015",
      pages          = "040",
      doi            = "10.1007/JHEP04(2015)040",
      eprint         = "1410.8849",
      archivePrefix  = "arXiv",
      primaryClass   = "hep-ph",
      reportNumber   = "EDINBURGH-2014-15, IFUM-1034-FT, CERN-PH-TH-2013-253,
                        OUTP-14-11P, CAVENDISH-HEP-14-11",
      SLACcitation   = "%%CITATION = ARXIV:1410.8849;%%"
}

@article{Artoisenet:2012st,
      author         = "Artoisenet, Pierre and Frederix, Rikkert and Mattelaer,
                        Olivier and Rietkerk, Robbert",
      title          = "{Automatic spin-entangled decays of heavy resonances in
                        Monte Carlo simulations}",
      journal        = "JHEP",
      volume         = "03",
      year           = "2013",
      pages          = "015",
      doi            = "10.1007/JHEP03(2013)015",
      eprint         = "1212.3460",
      archivePrefix  = "arXiv",
      primaryClass   = "hep-ph",
      reportNumber   = "NIKHEF-2012-021, CERN-PH-TH-2012-329",
      SLACcitation   = "%%CITATION = ARXIV:1212.3460;%%"
}

@article{Sjostrand:2014zea,
      author         = {Sj\"{o}strand, Torbj√∂rn and Ask, Stefan and Christiansen,
                        Jesper R. and Corke, Richard and Desai, Nishita and Ilten,
                        Philip and Mrenna, Stephen and Prestel, Stefan and
                        Rasmussen, Christine O. and Skands, Peter Z.",
      title          = "{An Introduction to PYTHIA 8.2}",
      journal        = "Comput. Phys. Commun.",
      volume         = "191",
      year           = "2015",
      pages          = "159-177",
      doi            = "10.1016/j.cpc.2015.01.024",
      eprint         = "1410.3012",
      archivePrefix  = "arXiv",
      primaryClass   = "hep-ph",
      reportNumber   = "LU-TP-14-36, MCNET-14-22, CERN-PH-TH-2014-190,
                        FERMILAB-PUB-14-316-CD, DESY-14-178, SLAC-PUB-16122",
      SLACcitation   = "%%CITATION = ARXIV:1410.3012;%%"
}

@article{Grazzini:2018bsd,
      author         = "Grazzini, Massimiliano and Heinrich, Gudrun and Jones,
                        Stephen and Kallweit, Stefan and Kerner, Matthias and
                        Lindert, Jonas M. and Mazzitelli, Javier",
      title          = "{Higgs boson pair production at NNLO with top quark mass
                        effects}",
      journal        = "JHEP",
      volume         = "05",
      year           = "2018",
      pages          = "059",
      doi            = "10.1007/JHEP05(2018)059",
      eprint         = "1803.02463",
      archivePrefix  = "arXiv",
      primaryClass   = "hep-ph",
      reportNumber   = "CERN-TH-2018-044, IPPP/18/15, MPP-2018-30, ZU-TH 10/18,
                        CERN-TH-2018-044, IPPP-18-15, MPP-2018-30, ZU-TH-10-18",
      SLACcitation   = "%%CITATION = ARXIV:1803.02463;%%"
}

@article{deFlorian:2016spz,
      author         = "de Florian, D. and others",
      title          = "{Handbook of LHC Higgs Cross Sections: 4. Deciphering the
                        Nature of the Higgs Sector}",
      collaboration  = "LHC Higgs Cross Section Working Group",
      doi            = "10.23731/CYRM-2017-002",
      year           = "2016",
      eprint         = "1610.07922",
      archivePrefix  = "arXiv",
      primaryClass   = "hep-ph",
      reportNumber   = "FERMILAB-FN-1025-T, CERN-2017-002-M",
      SLACcitation   = "%%CITATION = ARXIV:1610.07922;%%"
}

@article{Mangano:2006rw,
      author         = "Mangano, Michelangelo L. and Moretti, Mauro and
                        Piccinini, Fulvio and Treccani, Michele",
      title          = "{Matching matrix elements and shower evolution for
                        top-quark production in hadronic collisions}",
      journal        = "JHEP",
      volume         = "01",
      year           = "2007",
      pages          = "013",
      doi            = "10.1088/1126-6708/2007/01/013",
      eprint         = "hep-ph/0611129",
      archivePrefix  = "arXiv",
      primaryClass   = "hep-ph",
      reportNumber   = "CERN-PH-TH-2006-232, FNT-T-2006-09",
      SLACcitation   = "%%CITATION = HEP-PH/0611129;%%"
}

@article{Alwall:2007fs,
      author         = "Alwall, Johan and others",
      title          = "{Comparative study of various algorithms for the merging
                        of parton showers and matrix elements in hadronic
                        collisions}",
      journal        = "Eur. Phys. J.",
      volume         = "C53",
      year           = "2008",
      pages          = "473-500",
      doi            = "10.1140/epjc/s10052-007-0490-5",
      eprint         = "0706.2569",
      archivePrefix  = "arXiv",
      primaryClass   = "hep-ph",
      reportNumber   = "SLAC-PUB-12604, CERN-PH-TH-2007-066, LU-TP-07-13,
                        KA-TP-06-2007, DCPT-07-62, IPPP-07-31",
      SLACcitation   = "%%CITATION = ARXIV:0706.2569;%%"
}

@article{Heinrich:2017kxx,
      author         = "Heinrich, G. and Jones, S. P. and Kerner, M. and Luisoni,
                        G. and Vryonidou, E.",
      title          = "{NLO predictions for Higgs boson pair production with
                        full top quark mass dependence matched to parton showers}",
      journal        = "JHEP",
      volume         = "08",
      year           = "2017",
      pages          = "088",
      doi            = "10.1007/JHEP08(2017)088",
      eprint         = "1703.09252",
      archivePrefix  = "arXiv",
      primaryClass   = "hep-ph",
      reportNumber   = "CERN-TH-2017-069, MPP-2017-41, NIKHEF-2017-020",
      SLACcitation   = "%%CITATION = ARXIV:1703.09252;%%"
}
@article{Borowka:2016ypz,
      author         = "Borowka, S. and Greiner, N. and Heinrich, G. and Jones,
                        S. P. and Kerner, M. and Schlenk, J. and Zirke, T.",
      title          = "{Full top quark mass dependence in Higgs boson pair
                        production at NLO}",
      journal        = "JHEP",
      volume         = "10",
      year           = "2016",
      pages          = "107",
      doi            = "10.1007/JHEP10(2016)107",
      eprint         = "1608.04798",
      archivePrefix  = "arXiv",
      primaryClass   = "hep-ph",
      reportNumber   = "MPP-2016-261, ZU-TH-31-16",
      SLACcitation   = "%%CITATION = ARXIV:1608.04798;%%"
}
@article{Borowka:2016ehy,
      author         = "Borowka, S. and Greiner, N. and Heinrich, G. and Jones,
                        S.‚ÄâP. and Kerner, M. and Schlenk, J. and Schubert, U.
                        and Zirke, T.",
      title          = "{Higgs Boson Pair Production in Gluon Fusion at
                        Next-to-Leading Order with Full Top-Quark Mass
                        Dependence}",
      journal        = "Phys. Rev. Lett.",
      volume         = "117",
      year           = "2016",
      number         = "1",
      pages          = "012001",
      doi            = "10.1103/PhysRevLett.117.079901,
                        10.1103/PhysRevLett.117.012001",
      note           = "[Erratum: Phys. Rev. Lett.117,no.7,079901(2016)]",
      eprint         = "1604.06447",
      archivePrefix  = "arXiv",
      primaryClass   = "hep-ph",
      reportNumber   = "MPP-2016-80, NSF-KITP-16-040, ZH-TH-14-16",
      SLACcitation   = "%%CITATION = ARXIV:1604.06447;%%"
}
@article{Alioli:2010xd,
      author         = "Alioli, Simone and Nason, Paolo and Oleari, Carlo and Re,
                        Emanuele",
      title          = "{A general framework for implementing NLO calculations in
                        shower Monte Carlo programs: the POWHEG BOX}",
      journal        = "JHEP",
      volume         = "06",
      year           = "2010",
      pages          = "043",
      doi            = "10.1007/JHEP06(2010)043",
      eprint         = "1002.2581",
      archivePrefix  = "arXiv",
      primaryClass   = "hep-ph",
      reportNumber   = "DESY-10-018, SFB-CPP-10-22, IPPP-10-11, DCPT-10-22",
      SLACcitation   = "%%CITATION = ARXIV:1002.2581;%%"
}
@article{Butterworth:2015oua,
      author         = "Butterworth, Jon and others",
      title          = "{PDF4LHC recommendations for LHC Run II}",
      year           = "2015",
      eprint         = "1510.03865",
      archivePrefix  = "arXiv",
      primaryClass   = "hep-ph",
      reportNumber   = "OUTP-15-17P, SMU-HEP-15-12, TIF-UNIMI-2015-14,
                        LCTS-2015-27, CERN-PH-TH-2015-249",
      SLACcitation   = "%%CITATION = ARXIV:1510.03865;%%"
}
@article{NNPDF,
      author         = "Ball, Richard D. and others",
      title          = "{Parton distributions for the LHC Run II}",
      collaboration  = "NNPDF",
      journal        = "JHEP",
      volume         = "04",
      year           = "2015",
      pages          = "040",
      doi            = "10.1007/JHEP04(2015)040",
      eprint         = "1410.8849",
      archivePrefix  = "arXiv",
      primaryClass   = "hep-ph",
      reportNumber   = "EDINBURGH-2014-15, IFUM-1034-FT, CERN-PH-TH-2013-253,
      OUTP-14-11P, CAVENDISH-HEP-14-11",
      SLACcitation   = "%%CITATION = ARXIV:1410.8849;%%"
}

@article{MMHT14,
      author         = "Harland-Lang, L. A. and Martin, A. D. and Motylinski, P.
      and Thorne, R. S.",
      title          = "{Parton distributions in the LHC era: MMHT 2014 PDFs}",
      journal        = "Eur. Phys. J.",
      volume         = "C75",
      year           = "2015",
      number         = "5",
      pages          = "204",
      doi            = "10.1140/epjc/s10052-015-3397-6",
      eprint         = "1412.3989",
      archivePrefix  = "arXiv",
      primaryClass   = "hep-ph",
      reportNumber   = "LCTS-2014-47, IPPP-14-97, DCPT-14-194",
      SLACcitation   = "%%CITATION = ARXIV:1412.3989;%%"
}

@article{CT14,
      author         = "Dulat, Sayipjamal and Hou, Tie-Jiun and Gao, Jun and
      Guzzi, Marco and Huston, Joey and Nadolsky, Pavel and
      Pumplin, Jon and Schmidt, Carl and Stump, Daniel and Yuan,
      C. P.",
      title          = "{New parton distribution functions from a global analysis
      of quantum chromodynamics}",
      journal        = "Phys. Rev.",
      volume         = "D93",
      year           = "2016",
      number         = "3",
      pages          = "033006",
      doi            = "10.1103/PhysRevD.93.033006",
      eprint         = "1506.07443",
      archivePrefix  = "arXiv",
      primaryClass   = "hep-ph",
      SLACcitation   = "%%CITATION = ARXIV:1506.07443;%%"
}
@article{Buchalla:2018yce,
      author         = "Buchalla, G. and Capozi, M. and Celis, A. and Heinrich,
                        G. and Scyboz, L.",
      title          = "{Higgs boson pair production in non-linear Effective
                        Field Theory with full $m_t$-dependence at NLO QCD}",
      year           = "2018",
      eprint         = "1806.05162",
      archivePrefix  = "arXiv",
      primaryClass   = "hep-ph",
      reportNumber   = "LMU-ASC 34/18, MPP-2018-127, LMU-ASC-34-18, MPP-2018-127",
      SLACcitation   = "%%CITATION = ARXIV:1806.05162;%%"
}


@article{Grazzini:2018bsd,
      author         = "Grazzini, Massimiliano and Heinrich, Gudrun and Jones,
                        Stephen and Kallweit, Stefan and Kerner, Matthias and
                        Lindert, Jonas M. and Mazzitelli, Javier",
      title          = "{Higgs boson pair production at NNLO with top quark mass
                        effects}",
      journal        = "JHEP",
      volume         = "05",
      year           = "2018",
      pages          = "059",
      doi            = "10.1007/JHEP05(2018)059",
      eprint         = "1803.02463",
      archivePrefix  = "arXiv",
      primaryClass   = "hep-ph",
      reportNumber   = "CERN-TH-2018-044, IPPP/18/15, MPP-2018-30, ZU-TH 10/18,
                        CERN-TH-2018-044, IPPP-18-15, MPP-2018-30, ZU-TH-10-18",
      SLACcitation   = "%%CITATION = ARXIV:1803.02463;%%"
}
@article{Borowka:2016ehy,
      author         = "Borowka, S. and Greiner, N. and Heinrich, G. and Jones,
                        S.‚ÄâP. and Kerner, M. and Schlenk, J. and Schubert, U.
                        and Zirke, T.",
      title          = "{Higgs Boson Pair Production in Gluon Fusion at
                        Next-to-Leading Order with Full Top-Quark Mass
                        Dependence}",
      journal        = "Phys. Rev. Lett.",
      volume         = "117",
      year           = "2016",
      number         = "1",
      pages          = "012001, erratum ibid 079901",
      doi            = "10.1103/PhysRevLett.117.012001,10.1103/PhysRevLett.117.079901",
      eprint         = "1604.06447",
      archivePrefix  = "arXiv",
      primaryClass   = "hep-ph",
      reportNumber   = "MPP-2016-80, NSF-KITP-16-040, ZH-TH-14-16",
      SLACcitation   = "%%CITATION = ARXIV:1604.06447;%%"
}
@article{Borowka:2016ypz,
      author         = "Borowka, S. and Greiner, N. and Heinrich, G. and Jones,
                        S. P. and Kerner, M. and Schlenk, J. and Zirke, T.",
      title          = "{Full top quark mass dependence in Higgs boson pair
                        production at NLO}",
      journal        = "JHEP",
      volume         = "10",
      year           = "2016",
      pages          = "107",
      doi            = "10.1007/JHEP10(2016)107",
      eprint         = "1608.04798",
      archivePrefix  = "arXiv",
      primaryClass   = "hep-ph",
      reportNumber   = "MPP-2016-261, ZU-TH-31-16",
      SLACcitation   = "%%CITATION = ARXIV:1608.04798;%%"
}
@article{Heinrich:2017kxx,
      author         = "Heinrich, G. and Jones, S. P. and Kerner, M. and Luisoni,
                        G. and Vryonidou, E.",
      title          = "{NLO predictions for Higgs boson pair production with
                        full top quark mass dependence matched to parton showers}",
      journal        = "JHEP",
      volume         = "08",
      year           = "2017",
      pages          = "088",
      doi            = "10.1007/JHEP08(2017)088",
      eprint         = "1703.09252",
      archivePrefix  = "arXiv",
      primaryClass   = "hep-ph",
      reportNumber   = "CERN-TH-2017-069, MPP-2017-41, NIKHEF-2017-020",
      SLACcitation   = "%%CITATION = ARXIV:1703.09252;%%"
}
@article{Jones:2017giv,
      author         = "Jones, Stephen and Kuttimalai, Silvan",
      title          = "{Parton Shower and NLO-Matching uncertainties in Higgs
                        Boson Pair Production}",
      journal        = "JHEP",
      volume         = "02",
      year           = "2018",
      pages          = "176",
      doi            = "10.1007/JHEP02(2018)176",
      eprint         = "1711.03319",
      archivePrefix  = "arXiv",
      primaryClass   = "hep-ph",
      SLACcitation   = "%%CITATION = ARXIV:1711.03319;%%"
}


@article{Frixione:2007vw,
      author         = "Frixione, Stefano and Nason, Paolo and Oleari, Carlo",
      title          = "{Matching NLO QCD computations with Parton Shower
                        simulations: the POWHEG method}",
      journal        = "JHEP",
      volume         = "11",
      year           = "2007",
      pages          = "070",
      doi            = "10.1088/1126-6708/2007/11/070",
      eprint         = "0709.2092",
      archivePrefix  = "arXiv",
      primaryClass   = "hep-ph",
      reportNumber   = "BICOCCA-FT-07-9, GEF-TH-21-2007",
      SLACcitation   = "%%CITATION = ARXIV:0709.2092;%%"
}

@article{Alioli:2008tz,
      author         = "Alioli, Simone and Nason, Paolo and Oleari, Carlo and Re,
                        Emanuele",
      title          = "{NLO Higgs boson production via gluon fusion matched with
                        shower in POWHEG}",
      journal        = "JHEP",
      volume         = "04",
      year           = "2009",
      pages          = "002",
      doi            = "10.1088/1126-6708/2009/04/002",
      eprint         = "0812.0578",
      archivePrefix  = "arXiv",
      primaryClass   = "hep-ph",
      SLACcitation   = "%%CITATION = ARXIV:0812.0578;%%"
}

@Article{Alioli:2010xd,
     author    = "Alioli, Simone and Nason, Paolo and Oleari, Carlo and Re,
                  Emanuele",
     title     = "{A general framework for implementing NLO calculations in
                  shower Monte Carlo programs: the POWHEG BOX}",
     journal   = "JHEP",
     volume    = "06",
     year      = "2010",
     pages     = "043",
     eprint    = "1002.2581",
     archivePrefix = "arXiv",
     primaryClass  =  "hep-ph",
     doi       = "10.1007/JHEP06(2010)043",
     SLACcitation  = "%%CITATION = 1002.2581;%%"
}


@article{Ferrera:2016prr,
      author         = "Ferrera, Giancarlo and Pires, Joao",
      title          = "{Transverse-momentum resummation for Higgs boson pair
                        production at the LHC with top-quark mass effects}",
      journal        = "JHEP",
      volume         = "02",
      year           = "2017",
      pages          = "139",
      doi            = "10.1007/JHEP02(2017)139",
      eprint         = "1609.01691",
      archivePrefix  = "arXiv",
      primaryClass   = "hep-ph",
      reportNumber   = "MPP-2016-152, TIF-UNIMI-2016-7",
      SLACcitation   = "%%CITATION = ARXIV:1609.01691;%%"
}
@article{Carvalho:2017vnu,
      author         = "Carvalho, Alexandra and Goertz, Florian and Mimasu, Ken
                        and Gouzevitch, Maxime and Aggarwal, Anamika",
      title          = "{On the reinterpretation of non-resonant searches for
                        Higgs boson pairs}",
      year           = "2017",
      eprint         = "1710.08261",
      archivePrefix  = "arXiv",
      primaryClass   = "hep-ph",
      SLACcitation   = "%%CITATION = ARXIV:1710.08261;%%"
}
@article{Carvalho:2016rys,
      author         = "Carvalho, Alexandra and Dall'Osso, Martino and De Castro
                        Manzano, Pablo and Dorigo, Tommaso and Goertz, Florian and
                        Gouzevich, Maxime and Tosi, Mia",
      title          = "{Analytical parametrization and shape classification of
                        anomalous HH production in the EFT approach}",
      year           = "2016",
      eprint         = "1608.06578",
      archivePrefix  = "arXiv",
      primaryClass   = "hep-ph",
      reportNumber   = "LHCHXSWG-2016-001",
      SLACcitation   = "%%CITATION = ARXIV:1608.06578;%%"
}
@article{Carvalho:2015ttv,
      author         = "Carvalho, Alexandra and Dall'Osso, Martino and Dorigo,
                        Tommaso and Goertz, Florian and Gottardo, Carlo A. and
                        Tosi, Mia",
      title          = "{Higgs Pair Production: Choosing Benchmarks With Cluster
                        Analysis}",
      journal        = "JHEP",
      volume         = "04",
      year           = "2016",
      pages          = "126",
      doi            = "10.1007/JHEP04(2016)126",
      eprint         = "1507.02245",
      archivePrefix  = "arXiv",
      primaryClass   = "hep-ph",
      SLACcitation   = "%%CITATION = ARXIV:1507.02245;%%"
}
@article{Carvalho:2016rys,
      author         = "Carvalho, Alexandra and Dall'Osso, Martino and De Castro
                        Manzano, Pablo and Dorigo, Tommaso and Goertz, Florian and
                        Gouzevich, Maxime and Tosi, Mia",
      title          = "{Analytical parametrization and shape classification of
                        anomalous HH production in the EFT approach}",
      year           = "2016",
      eprint         = "1608.06578",
      archivePrefix  = "arXiv",
      primaryClass   = "hep-ph",
      reportNumber   = "LHCHXSWG-2016-001",
      SLACcitation   = "%%CITATION = ARXIV:1608.06578;%%"
}

%%%%%%%%%%% HH first calculations %%%%%%%%%%%%%%%%%%%%%%%%%%%%%%% 
 
@article{Glover:1987nx,
      author         = "Glover, E. W. Nigel and van der Bij, J. J.",
      title          = "{Higgs Boson Pair Production via Gluon Fusion}",
      journal        = "Nucl. Phys.",
      volume         = "B309",
      year           = "1988",
      pages          = "282",
      doi            = "10.1016/0550-3213(88)90083-1",
      reportNumber   = "CERN-TH-4934/87",
      SLACcitation   = "%%CITATION = NUPHA,B309,282;%%"
}
@article{Eboli:1987dy,
      author         = "Eboli, Oscar J. P. and Marques, G. C. and Novaes, S. F.
                        and Natale, A. A.",
      title          = "{Twin Higgs Boson Production}",
      journal        = "Phys. Lett.",
      volume         = "B197",
      year           = "1987",
      pages          = "269",
      doi            = "10.1016/0370-2693(87)90381-9",
      reportNumber   = "MIT-CTP-1376A",
      SLACcitation   = "%%CITATION = PHLTA,B197,269;%%"
}
@article{Plehn:1996wb,
      author         = "Plehn, T. and Spira, M. and Zerwas, P. M.",
      title          = "{Pair production of neutral Higgs particles in
                        gluon-gluon collisions}",
      journal        = "Nucl. Phys.",
      volume         = "B479",
      year           = "1996",
      pages          = "46-64",
      doi            = "10.1016/0550-3213(96)00418-X",
      note           = "[Erratum: Nucl. Phys.B531,655(1998)]",
      eprint         = "hep-ph/9603205",
      archivePrefix  = "arXiv",
      primaryClass   = "hep-ph",
      reportNumber   = "DESY-95-215",
      SLACcitation   = "%%CITATION = HEP-PH/9603205;%%"
}

@article{Dawson:1998py,
      author         = "Dawson, S. and Dittmaier, S. and Spira, M.",
      title          = "{Neutral Higgs boson pair production at hadron colliders:
                        QCD corrections}",
      journal        = "Phys. Rev.",
      volume         = "D58",
      year           = "1998",
      pages          = "115012",
      doi            = "10.1103/PhysRevD.58.115012",
      eprint         = "hep-ph/9805244",
      archivePrefix  = "arXiv",
      primaryClass   = "hep-ph",
      reportNumber   = "DESY-98-028, BNL-HET-98-15, CERN-TH-98-135",
      SLACcitation   = "%%CITATION = HEP-PH/9805244;%%"
}

@article{Dawson:1998xu,
      author         = "Dawson, S. and Dittmaier, S. and Spira, M.",
      title          = "{Two loop QCD corrections to Higgs pair production at the
                        LHC}",
      booktitle      = "{Loops and legs in gauge theories. Proceedings, Zeuthen
                        Workshop on Elementary Particle Theory, Rheinsberg,
                        Germany, April 19-24, 1998}",
      journal        = "Acta Phys. Polon.",
      volume         = "B29",
      year           = "1998",
      pages          = "2875-2882",
      eprint         = "hep-ph/9806304",
      archivePrefix  = "arXiv",
      primaryClass   = "hep-ph",
      reportNumber   = "CERN-TH-98-184",
      SLACcitation   = "%%CITATION = HEP-PH/9806304;%%"
}
@article{Dawson:1990zj,
      author         = "Dawson, S.",
      title          = "{Radiative corrections to Higgs boson production}",
      journal        = "Nucl. Phys.",
      volume         = "B359",
      year           = "1991",
      pages          = "283-300",
      doi            = "10.1016/0550-3213(91)90061-2",
      reportNumber   = "PRINT-91-0092 (BNL), BNL-45446",
      SLACcitation   = "%%CITATION = NUPHA,B359,283;%%"
}
@article{Binoth:2006ym,
      author         = "Binoth, T. and Karg, S. and Kauer, N. and Ruckl, R.",
      title          = "{Multi-Higgs boson production in the Standard Model and
                        beyond}",
      journal        = "Phys. Rev.",
      volume         = "D74",
      year           = "2006",
      pages          = "113008",
      doi            = "10.1103/PhysRevD.74.113008",
      eprint         = "hep-ph/0608057",
      archivePrefix  = "arXiv",
      primaryClass   = "hep-ph",
      reportNumber   = "EDINBURGH-2006-15",
      SLACcitation   = "%%CITATION = HEP-PH/0608057;%%"
}
@article{Baur:2002qd,
      author         = "Baur, U. and Plehn, T. and Rainwater, David L.",
      title          = "{Determining the Higgs boson selfcoupling at hadron
                        colliders}",
      journal        = "Phys. Rev.",
      volume         = "D67",
      year           = "2003",
      pages          = "033003",
      doi            = "10.1103/PhysRevD.67.033003",
      eprint         = "hep-ph/0211224",
      archivePrefix  = "arXiv",
      primaryClass   = "hep-ph",
      reportNumber   = "CERN-TH-2002-327, UB-HET-02-05, FERMILAB-PUB-02-199-T,
                        DESY-02-183",
      SLACcitation   = "%%CITATION = HEP-PH/0211224;%%"
} 
%%%%%%%%%%% HH modern pheno %%%%%%%%%%%%%%%%%%%%%%%%%%%%%%% 
 
@article{Dawson:2012mk,
      author         = "Dawson, Sally and Furlan, Elisabetta and Lewis, Ian",
      title          = "{Unravelling an extended quark sector through multiple
                        Higgs production?}",
      journal        = "Phys. Rev.",
      volume         = "D87",
      year           = "2013",
      number         = "1",
      pages          = "014007",
      doi            = "10.1103/PhysRevD.87.014007",
      eprint         = "1210.6663",
      archivePrefix  = "arXiv",
      primaryClass   = "hep-ph",
      SLACcitation   = "%%CITATION = ARXIV:1210.6663;%%"
}
@article{Dawson:2015haa,
      author         = "Dawson, S. and Lewis, I. M.",
      title          = "{NLO corrections to double Higgs boson production in the
                        Higgs singlet model}",
      journal        = "Phys. Rev.",
      volume         = "D92",
      year           = "2015",
      number         = "9",
      pages          = "094023",
      doi            = "10.1103/PhysRevD.92.094023",
      eprint         = "1508.05397",
      archivePrefix  = "arXiv",
      primaryClass   = "hep-ph",
      reportNumber   = "SLAC-PUB-16335",
      SLACcitation   = "%%CITATION = ARXIV:1508.05397;%%"
}
@article{Dawson:2015oha,
      author         = "Dawson, S. and Ismail, A. and Low, Ian",
      title          = "{What's in the loop? The anatomy of double Higgs
                        production}",
      journal        = "Phys. Rev.",
      volume         = "D91",
      year           = "2015",
      number         = "11",
      pages          = "115008",
      doi            = "10.1103/PhysRevD.91.115008",
      eprint         = "1504.05596",
      archivePrefix  = "arXiv",
      primaryClass   = "hep-ph",
      SLACcitation   = "%%CITATION = ARXIV:1504.05596;%%"
}
@article{Dall'Osso:2015aia,
      author         = "Carvalho, Alexandra and Dall'Osso, Martino and Dorigo,
                        Tommaso and Goertz, Florian and Gottardo, Carlo A. and
                        Tosi, Mia",
      title          = "{Higgs Pair Production: Choosing Benchmarks With Cluster
                        Analysis}",
      journal        = "JHEP",
      volume         = "04",
      year           = "2016",
      pages          = "126",
      doi            = "10.1007/JHEP04(2016)126",
      eprint         = "1507.02245",
      archivePrefix  = "arXiv",
      primaryClass   = "hep-ph",
      SLACcitation   = "%%CITATION = ARXIV:1507.02245;%%"
}
@article{Dolan:2013rja,
      author         = "Dolan, Matthew J. and Englert, Christoph and Greiner,
                        Nicolas and Spannowsky, Michael",
      title          = "{Further on up the road: $hhjj$ production at the LHC}",
      journal        = "Phys. Rev. Lett.",
      volume         = "112",
      year           = "2014",
      pages          = "101802",
      doi            = "10.1103/PhysRevLett.112.101802",
      eprint         = "1310.1084",
      archivePrefix  = "arXiv",
      primaryClass   = "hep-ph",
      reportNumber   = "IPPP-13-80, DCPT-13-160, SLAC-PUB-15752, MPP-2013-275",
      SLACcitation   = "%%CITATION = ARXIV:1310.1084;%%"
}
@article{Dolan:2015zja,
      author         = "Dolan, Matthew J. and Englert, Christoph and Greiner,
                        Nicolas and Nordstrom, Karl and Spannowsky, Michael",
      title          = "{$hhjj$ production at the LHC}",
      journal        = "Eur. Phys. J.",
      volume         = "C75",
      year           = "2015",
      number         = "8",
      pages          = "387",
      doi            = "10.1140/epjc/s10052-015-3622-3",
      eprint         = "1506.08008",
      archivePrefix  = "arXiv",
      primaryClass   = "hep-ph",
      reportNumber   = "DESY-15-097, IPPP-15-38, DCPT-15-76, SLAC-PUB-16316",
      SLACcitation   = "%%CITATION = ARXIV:1506.08008;%%"
}
@article{Dolan:2012rv,
      author         = "Dolan, Matthew J. and Englert, Christoph and Spannowsky,
                        Michael",
      title          = "{Higgs self-coupling measurements at the LHC}",
      journal        = "JHEP",
      volume         = "10",
      year           = "2012",
      pages          = "112",
      doi            = "10.1007/JHEP10(2012)112",
      eprint         = "1206.5001",
      archivePrefix  = "arXiv",
      primaryClass   = "hep-ph",
      reportNumber   = "IPPP-12-43, DCPT-12-86",
      SLACcitation   = "%%CITATION = ARXIV:1206.5001;%%"
}
@article{deFlorian:2015moa,
      author         = "de Florian, Daniel and Mazzitelli, Javier",
      title          = "{Higgs pair production at next-to-next-to-leading
                        logarithmic accuracy at the LHC}",
      journal        = "JHEP",
      volume         = "09",
      year           = "2015",
      pages          = "053",
      doi            = "10.1007/JHEP09(2015)053",
      eprint         = "1505.07122",
      archivePrefix  = "arXiv",
      primaryClass   = "hep-ph",
      SLACcitation   = "%%CITATION = ARXIV:1505.07122;%%"
}
@article{deFlorian:2013jea,
      author         = "de Florian, Daniel and Mazzitelli, Javier",
      title          = "{Higgs Boson Pair Production at Next-to-Next-to-Leading
                        Order in QCD}",
      journal        = "Phys. Rev. Lett.",
      volume         = "111",
      year           = "2013",
      pages          = "201801",
      doi            = "10.1103/PhysRevLett.111.201801",
      eprint         = "1309.6594",
      archivePrefix  = "arXiv",
      primaryClass   = "hep-ph",
      SLACcitation   = "%%CITATION = ARXIV:1309.6594;%%"
}
@article{deFlorian:2013uza,
      author         = "de Florian, Daniel and Mazzitelli, Javier",
      title          = "{Two-loop virtual corrections to Higgs pair production}",
      journal        = "Phys. Lett.",
      volume         = "B724",
      year           = "2013",
      pages          = "306-309",
      doi            = "10.1016/j.physletb.2013.06.046",
      eprint         = "1305.5206",
      archivePrefix  = "arXiv",
      primaryClass   = "hep-ph",
      SLACcitation   = "%%CITATION = ARXIV:1305.5206;%%"
}
@article{Frederix:2014hta,
      author         = "Frederix, R. and Frixione, S. and Hirschi, V. and
                        Maltoni, F. and Mattelaer, O. and Torrielli, P. and
                        Vryonidou, E. and Zaro, M.",
      title          = "{Higgs pair production at the LHC with NLO and
                        parton-shower effects}",
      journal        = "Phys. Lett.",
      volume         = "B732",
      year           = "2014",
      pages          = "142-149",
      doi            = "10.1016/j.physletb.2014.03.026",
      eprint         = "1401.7340",
      archivePrefix  = "arXiv",
      primaryClass   = "hep-ph",
      reportNumber   = "CERN-PH-TH-2014-014, CP3-14-07, ZU-TH03-14, LPN14-055",
      SLACcitation   = "%%CITATION = ARXIV:1401.7340;%%"
}
@article{Maltoni:2014eza,
      author         = "Maltoni, F. and Vryonidou, E. and Zaro, M.",
      title          = "{Top-quark mass effects in double and triple Higgs
                        production in gluon-gluon fusion at NLO}",
      journal        = "JHEP",
      volume         = "11",
      year           = "2014",
      pages          = "079",
      doi            = "10.1007/JHEP11(2014)079",
      eprint         = "1408.6542",
      archivePrefix  = "arXiv",
      primaryClass   = "hep-ph",
      reportNumber   = "CP3-14-61, MCNET-14-18, LPN14-105",
      SLACcitation   = "%%CITATION = ARXIV:1408.6542;%%"
}
@article{Grigo:2015dia,
      author         = "Grigo, Jonathan and Hoff, Jens and Steinhauser, Matthias",
      title          = "{Higgs boson pair production: top quark mass effects at
                        NLO and NNLO}",
      journal        = "Nucl. Phys.",
      volume         = "B900",
      year           = "2015",
      pages          = "412",
      doi            = "10.1016/j.nuclphysb.2015.09.012",
      eprint         = "1508.00909",
      archivePrefix  = "arXiv",
      primaryClass   = "hep-ph",
      reportNumber   = "DESY-15-135, TTP15-026",
      SLACcitation   = "%%CITATION = ARXIV:1508.00909;%%"
}
@article{Grigo:2014jma,
      author         = "Grigo, Jonathan and Melnikov, Kirill and Steinhauser,
                        Matthias",
      title          = "{Virtual corrections to Higgs boson pair production in
                        the large top quark mass limit}",
      journal        = "Nucl. Phys.",
      volume         = "B888",
      year           = "2014",
      pages          = "17-29",
      doi            = "10.1016/j.nuclphysb.2014.09.003",
      eprint         = "1408.2422",
      archivePrefix  = "arXiv",
      primaryClass   = "hep-ph",
      reportNumber   = "TTP14-024, LPN14-101",
      SLACcitation   = "%%CITATION = ARXIV:1408.2422;%%"
}
@article{Grigo:2013rya,
      author         = "Grigo, Jonathan and Hoff, Jens and Melnikov, Kirill and
                        Steinhauser, Matthias",
      title          = "{On the Higgs boson pair production at the LHC}",
      journal        = "Nucl. Phys.",
      volume         = "B875",
      year           = "2013",
      pages          = "1-17",
      doi            = "10.1016/j.nuclphysb.2013.06.024",
      eprint         = "1305.7340",
      archivePrefix  = "arXiv",
      primaryClass   = "hep-ph",
      reportNumber   = "SFB-CPP-13-29, TTP13-13, LPN13-030",
      SLACcitation   = "%%CITATION = ARXIV:1305.7340;%%"
}
@article{Grober:2010yv,
      author         = "Gr{\"o}ber, R. and M{\"u}hlleitner, M.",
      title          = "{Composite Higgs Boson Pair Production at the LHC}",
      journal        = "JHEP",
      volume         = "06",
      year           = "2011",
      pages          = "020",
      doi            = "10.1007/JHEP06(2011)020",
      eprint         = "1012.1562",
      archivePrefix  = "arXiv",
      primaryClass   = "hep-ph",
      reportNumber   = "KA-TP-37-2010",
      SLACcitation   = "%%CITATION = ARXIV:1012.1562;%%"
}
@article{Barr:2013tda,
      author         = "Barr, Alan J. and Dolan, Matthew J. and Englert,
                        Christoph and Spannowsky, Michael",
      title          = "{Di-Higgs final states augMT2ed -- selecting $hh$ events
                        at the high luminosity LHC}",
      journal        = "Phys. Lett.",
      volume         = "B728",
      year           = "2014",
      pages          = "308-313",
      doi            = "10.1016/j.physletb.2013.12.011",
      eprint         = "1309.6318",
      archivePrefix  = "arXiv",
      primaryClass   = "hep-ph",
      reportNumber   = "IPPP-13-74, DCPT-13-148",
      SLACcitation   = "%%CITATION = ARXIV:1309.6318;%%"
}
@article{Shao:2013bz,
      author         = "Shao, Ding Yu and Li, Chong Sheng and Li, Hai Tao and
                        Wang, Jian",
      title          = "{Threshold resummation effects in Higgs boson pair
                        production at the LHC}",
      journal        = "JHEP",
      volume         = "07",
      year           = "2013",
      pages          = "169",
      doi            = "10.1007/JHEP07(2013)169",
      eprint         = "1301.1245",
      archivePrefix  = "arXiv",
      primaryClass   = "hep-ph",
      SLACcitation   = "%%CITATION = ARXIV:1301.1245;%%"
}
@article{Goertz:2013kp,
      author         = "Goertz, Florian and Papaefstathiou, Andreas and Yang, Li
                        Lin and Zurita, Jose",
      title          = "{Higgs Boson self-coupling measurements using ratios of
                        cross sections}",
      journal        = "JHEP",
      volume         = "06",
      year           = "2013",
      pages          = "016",
      doi            = "10.1007/JHEP06(2013)016",
      eprint         = "1301.3492",
      archivePrefix  = "arXiv",
      primaryClass   = "hep-ph",
      SLACcitation   = "%%CITATION = ARXIV:1301.3492;%%"
}
@article{Barger:2013jfa,
      author         = "Barger, Vernon and Everett, Lisa L. and Jackson, C. B.
                        and Shaughnessy, Gabe",
      title          = "{Higgs-Pair Production and Measurement of the Triscalar
                        Coupling at LHC(8,14)}",
      journal        = "Phys. Lett.",
      volume         = "B728",
      year           = "2014",
      pages          = "433-436",
      doi            = "10.1016/j.physletb.2013.12.013",
      eprint         = "1311.2931",
      archivePrefix  = "arXiv",
      primaryClass   = "hep-ph",
      SLACcitation   = "%%CITATION = ARXIV:1311.2931;%%"
}
@article{Papaefstathiou:2015iba,
      author         = "Papaefstathiou, Andreas",
      title          = "{Discovering Higgs boson pair production through rare
                        final states at a 100 TeV collider}",
      journal        = "Phys. Rev.",
      volume         = "D91",
      year           = "2015",
      number         = "11",
      pages          = "113016",
      doi            = "10.1103/PhysRevD.91.113016",
      eprint         = "1504.04621",
      archivePrefix  = "arXiv",
      primaryClass   = "hep-ph",
      SLACcitation   = "%%CITATION = ARXIV:1504.04621;%%"
}
@article{Maierhofer:2013sha,
      author         = "Maierh{\"o}fer, Philipp and Papaefstathiou, Andreas",
      title          = "{Higgs Boson pair production merged to one jet}",
      journal        = "JHEP",
      volume         = "03",
      year           = "2014",
      pages          = "126",
      doi            = "10.1007/JHEP03(2014)126",
      eprint         = "1401.0007",
      archivePrefix  = "arXiv",
      primaryClass   = "hep-ph",
      SLACcitation   = "%%CITATION = ARXIV:1401.0007;%%"
}
@article{Baglio:2012np,
      author         = "Baglio, J. and Djouadi, A. and Gr{\"o}ber, R. and
                        M{\"u}hlleitner, M. M. and Quevillon, J. and Spira, M.",
      title          = "{The measurement of the Higgs self-coupling at the LHC:
                        theoretical status}",
      journal        = "JHEP",
      volume         = "04",
      year           = "2013",
      pages          = "151",
      doi            = "10.1007/JHEP04(2013)151",
      eprint         = "1212.5581",
      archivePrefix  = "arXiv",
      primaryClass   = "hep-ph",
      reportNumber   = "KA-TP-44-2012, SFB-CPP-12-102, LPT-ORSAY-12-124,
                        PSI-PR-12-10",
      SLACcitation   = "%%CITATION = ARXIV:1212.5581;%%"
}
@article{Goertz:2014qta,
      author         = "Goertz, Florian and Papaefstathiou, Andreas and Yang, Li
                        Lin and Zurita, Jos√©",
      title          = "{Higgs boson pair production in the D=6 extension of the
                        SM}",
      journal        = "JHEP",
      volume         = "04",
      year           = "2015",
      pages          = "167",
      doi            = "10.1007/JHEP04(2015)167",
      eprint         = "1410.3471",
      archivePrefix  = "arXiv",
      primaryClass   = "hep-ph",
      SLACcitation   = "%%CITATION = ARXIV:1410.3471;%%"
}
@article{Dicus:2015yva,
      author         = "Dicus, Duane A. and Kao, Chung and Repko, Wayne W.",
      title          = "{Interference effects and the use of Higgs boson pair
                        production to study the Higgs trilinear self coupling}",
      year           = "2015",
      eprint         = "1504.02334",
      archivePrefix  = "arXiv",
      primaryClass   = "hep-ph",
      SLACcitation   = "%%CITATION = ARXIV:1504.02334;%%"
}
@article{Slawinska:2014vpa,
      author         = "Slawinska, Magdalena and van den Wollenberg, Wouter and
                        van Eijk, Bob and Bentvelsen, Stan",
      title          = "{Phenomenology of the trilinear Higgs coupling at
                        proton-proton colliders}",
      year           = "2014",
      eprint         = "1408.5010",
      archivePrefix  = "arXiv",
      primaryClass   = "hep-ph",
      reportNumber   = "NIKHEF-2014-029",
      SLACcitation   = "%%CITATION = ARXIV:1408.5010;%%"
}
@article{deLima:2014dta,
      author         = "Ferreira de Lima, Danilo Enoque and Papaefstathiou,
                        Andreas and Spannowsky, Michael",
      title          = "{Standard model Higgs boson pair production in the ( $
                        b\overline{b} $ )( $ b\overline{b} $ ) final state}",
      journal        = "JHEP",
      volume         = "08",
      year           = "2014",
      pages          = "030",
      doi            = "10.1007/JHEP08(2014)030",
      eprint         = "1404.7139",
      archivePrefix  = "arXiv",
      primaryClass   = "hep-ph",
      SLACcitation   = "%%CITATION = ARXIV:1404.7139;%%"
}
@article{Li:2013flc,
      author         = "Li, Qiang and Yan, Qi-Shu and Zhao, Xiaoran",
      title          = "{Higgs Pair Production: Improved Description by Matrix
                        Element Matching}",
      journal        = "Phys. Rev.",
      volume         = "D89",
      year           = "2014",
      number         = "3",
      pages          = "033015",
      doi            = "10.1103/PhysRevD.89.033015",
      eprint         = "1312.3830",
      archivePrefix  = "arXiv",
      primaryClass   = "hep-ph",
      SLACcitation   = "%%CITATION = ARXIV:1312.3830;%%"
}
@article{Gouzevitch:2013qca,
      author         = "Gouzevitch, Maxime and Oliveira, Alexandra and Rojo, Juan
                        and Rosenfeld, Rogerio and Salam, Gavin P. and Sanz,
                        Veronica",
      title          = "{Scale-invariant resonance tagging in multijet events and
                        new physics in Higgs pair production}",
      journal        = "JHEP",
      volume         = "07",
      year           = "2013",
      pages          = "148",
      doi            = "10.1007/JHEP07(2013)148",
      eprint         = "1303.6636",
      archivePrefix  = "arXiv",
      primaryClass   = "hep-ph",
      reportNumber   = "CERN-PH-TH-2012-311, ICTP-SAIFR-2013-003",
      SLACcitation   = "%%CITATION = ARXIV:1303.6636;%%"
}
@article{Liu:2013woa,
      author         = "Liu, Jia and Wang, Xiao-Ping and Zhu, Shou-hua",
      title          = "{Discovering extra Higgs boson via pair production of the
                        SM-like Higgs bosons}",
      year           = "2013",
      eprint         = "1310.3634",
      archivePrefix  = "arXiv",
      primaryClass   = "hep-ph",
      SLACcitation   = "%%CITATION = ARXIV:1310.3634;%%"
}


%%%%%%%%%%%%%%%%%%%% PDFs %%%%%%%%%%%%%%%%%%%%%%%%%%%%%%%%%%%%%%%%%%
@article{Gao:2013xoa,
      author         = "Gao, Jun and Guzzi, Marco and Huston, Joey and Lai,
                        Hung-Liang and Li, Zhao and Nadolsky, Pavel and Pumplin,
                        Jon and Stump, Daniel and Yuan, C. -P.",
      title          = "{CT10 next-to-next-to-leading order global analysis of
                        QCD}",
      journal        = "Phys. Rev.",
      volume         = "D89",
      year           = "2014",
      number         = "3",
      pages          = "033009",
      doi            = "10.1103/PhysRevD.89.033009",
      eprint         = "1302.6246",
      archivePrefix  = "arXiv",
      primaryClass   = "hep-ph",
      reportNumber   = "SMU-HEP-12-23",
      SLACcitation   = "%%CITATION = ARXIV:1302.6246;%%"
}
%%%%%%%%%%%%% real radiation %%%%%%%%%%%%%%%%%%%%%%%%%%%%%%%%%%%%
@article{Catani:1996vz,
      author         = "Catani, S. and Seymour, M. H.",
      title          = "{A General algorithm for calculating jet cross-sections
                        in NLO QCD}",
      journal        = "Nucl. Phys.",
      volume         = "B485",
      year           = "1997",
      pages          = "291-419",
      doi            = "10.1016/S0550-3213(96)00589-5",
      note           = "[Erratum: Nucl. Phys.B510,503(1998)]",
      eprint         = "hep-ph/9605323",
      archivePrefix  = "arXiv",
      primaryClass   = "hep-ph",
      reportNumber   = "CERN-TH-96-029, CERN-TH-96-29",
      SLACcitation   = "%%CITATION = HEP-PH/9605323;%%"
}
@article{Nagy:2003tz,
      author         = "Nagy, Zoltan",
      title          = "{Next-to-leading order calculation of three jet
                        observables in hadron hadron collision}",
      journal        = "Phys. Rev.",
      volume         = "D68",
      year           = "2003",
      pages          = "094002",
      doi            = "10.1103/PhysRevD.68.094002",
      eprint         = "hep-ph/0307268",
      archivePrefix  = "arXiv",
      primaryClass   = "hep-ph",
      SLACcitation   = "%%CITATION = HEP-PH/0307268;%%"
}

@article{Cullen:2014yla,
      author         = "Cullen, Gavin and others",
      title          = "{GoSam-2.0: a tool for
                        automated one-loop calculations within the Standard Model
                        and beyond}",
      journal        = "Eur. Phys. J.",
      volume         = "C74",
      year           = "2014",
      number         = "8",
      pages          = "3001",
      doi            = "10.1140/epjc/s10052-014-3001-5",
      eprint         = "1404.7096",
      archivePrefix  = "arXiv",
      primaryClass   = "hep-ph",
      reportNumber   = "DESY-14-061, MPP-2014-145",
      SLACcitation   = "%%CITATION = ARXIV:1404.7096;%%"
}
@article{Cullen:2011ac,
      author         = "Cullen, Gavin and Greiner, Nicolas and Heinrich, Gudrun
                        and Luisoni, Gionata and Mastrolia, Pierpaolo and Ossola,
                        Giovanni and Reiter, Thomas and Tramontano, Francesco",
      title          = "{Automated One-Loop Calculations with GoSam}",
      journal        = "Eur. Phys. J.",
      volume         = "C72",
      year           = "2012",
      pages          = "1889",
      doi            = "10.1140/epjc/s10052-012-1889-1",
      eprint         = "1111.2034",
      archivePrefix  = "arXiv",
      primaryClass   = "hep-ph",
      reportNumber   = "CERN-PH-TH-2011-272, MPP-2011-132, DESY-11-203,
                        IPPP-11-72, DCPT-11-144, EDINBURGH-2011-32",
      SLACcitation   = "%%CITATION = ARXIV:1111.2034;%%"
}

@article{Dawson:1990zj,
      author         = "Dawson, S.",
      title          = "{Radiative corrections to Higgs boson production}",
      journal        = "Nucl. Phys.",
      volume         = "B359",
      year           = "1991",
      pages          = "283-300",
      doi            = "10.1016/0550-3213(91)90061-2",
      reportNumber   = "PRINT-91-0092 (BNL), BNL-45446",
      SLACcitation   = "%%CITATION = NUPHA,B359,283;%%"
}
@article{Djouadi:1991tka,
      author         = "Djouadi, A. and Spira, M. and Zerwas, P. M.",
      title          = "{Production of Higgs bosons in proton colliders: QCD
                        corrections}",
      journal        = "Phys. Lett.",
      volume         = "B264",
      year           = "1991",
      pages          = "440-446",
      doi            = "10.1016/0370-2693(91)90375-Z",
      reportNumber   = "PITHA-91-6",
      SLACcitation   = "%%CITATION = PHLTA,B264,440;%%"
}
@article{Spira:1995rr,
      author         = "Spira, M. and Djouadi, A. and Graudenz, D. and Zerwas, P.
                        M.",
      title          = "{Higgs boson production at the LHC}",
      journal        = "Nucl. Phys.",
      volume         = "B453",
      year           = "1995",
      pages          = "17-82",
      doi            = "10.1016/0550-3213(95)00379-7",
      eprint         = "hep-ph/9504378",
      archivePrefix  = "arXiv",
      primaryClass   = "hep-ph",
      reportNumber   = "DESY-94-123, UDEM-GPP-TH-95-16, CERN-TH-95-30,
                        CERN-TH-95-030",
      SLACcitation   = "%%CITATION = HEP-PH/9504378;%%"
}
@article{Harlander:2005rq,
      author         = "Harlander, Robert and Kant, Philipp",
      title          = "{Higgs production and decay: Analytic results at
                        next-to-leading order QCD}",
      journal        = "JHEP",
      volume         = "12",
      year           = "2005",
      pages          = "015",
      doi            = "10.1088/1126-6708/2005/12/015",
      eprint         = "hep-ph/0509189",
      archivePrefix  = "arXiv",
      primaryClass   = "hep-ph",
      reportNumber   = "TTP05-18, SFB-CPP-05-49",
      SLACcitation   = "%%CITATION = HEP-PH/0509189;%%"
}
@article{Bonciani:2003te,
      author         = "Bonciani, R. and Mastrolia, P. and Remiddi, E.",
      title          = "{Vertex diagrams for the QED form-factors at the two loop
                        level}",
      journal        = "Nucl. Phys.",
      volume         = "B661",
      year           = "2003",
      pages          = "289-343",
      doi            = "10.1016/j.nuclphysb.2004.08.009",
      note           = "[Erratum: Nucl. Phys.B702,359(2004)]",
      eprint         = "hep-ph/0301170",
      archivePrefix  = "arXiv",
      primaryClass   = "hep-ph",
      reportNumber   = "FREIBURG-THEP-03-02",
      SLACcitation   = "%%CITATION = HEP-PH/0301170;%%"
}
@article{Bonciani:2003hc,
      author         = "Bonciani, R. and Mastrolia, P. and Remiddi, E.",
      title          = "{Master integrals for the two loop QCD virtual
                        corrections to the forward backward asymmetry}",
      journal        = "Nucl. Phys.",
      volume         = "B690",
      year           = "2004",
      pages          = "138-176",
      doi            = "10.1016/j.nuclphysb.2004.04.011",
      eprint         = "hep-ph/0311145",
      archivePrefix  = "arXiv",
      primaryClass   = "hep-ph",
      reportNumber   = "FREIBURG-THEP-03-19, TTP03-34, CERN-TH-2003-274",
      SLACcitation   = "%%CITATION = HEP-PH/0311145;%%"
}

@article{Borowka:2015mxa,
      author         = "Borowka, S. and Heinrich, G. and Jones, S. P. and Kerner,
                        M. and Schlenk, J. and Zirke, T.",
      title          = "{SecDec-3.0: numerical evaluation of multi-scale
                        integrals beyond one loop}",
      journal        = "Comput. Phys. Commun.",
      volume         = "196",
      year           = "2015",
      pages          = "470-491",
      doi            = "10.1016/j.cpc.2015.05.022",
      eprint         = "1502.06595",
      archivePrefix  = "arXiv",
      primaryClass   = "hep-ph",
      reportNumber   = "FR-PHENO-2015-001, MPP-2015-27, ZU-TH-1-15",
      SLACcitation   = "%%CITATION = ARXIV:1502.06595;%%"
}
@article{Borowka:2012yc,
      author         = "Borowka, Sophia and Carter, Jonathon and Heinrich,
                        Gudrun",
      title          = "{Numerical Evaluation of Multi-Loop Integrals for
                        Arbitrary Kinematics with SecDec 2.0}",
      journal        = "Comput. Phys. Commun.",
      volume         = "184",
      year           = "2013",
      pages          = "396-408",
      doi            = "10.1016/j.cpc.2012.09.020",
      eprint         = "1204.4152",
      archivePrefix  = "arXiv",
      primaryClass   = "hep-ph",
      reportNumber   = "IPPP-12-22, DCPT-12-44, MPP-2012-75",
      SLACcitation   = "%%CITATION = ARXIV:1204.4152;%%"
}
@article{Carter:2010hi,
      author         = "Carter, Jonathon and Heinrich, Gudrun",
      title          = "{SecDec: A general program for sector decomposition}",
      journal        = "Comput. Phys. Commun.",
      volume         = "182",
      year           = "2011",
      pages          = "1566-1581",
      doi            = "10.1016/j.cpc.2011.03.026",
      eprint         = "1011.5493",
      archivePrefix  = "arXiv",
      primaryClass   = "hep-ph",
      reportNumber   = "IPPP-10-94, DCPT-10-188",
      SLACcitation   = "%%CITATION = ARXIV:1011.5493;%%"
}
@article{Plehn:2009nd,
      author         = "Plehn, Tilman",
      title          = "{Lectures on LHC Physics}",
      journal        = "Lect. Notes Phys.",
      volume         = "844",
      year           = "2012",
      pages          = "1-193",
      doi            = "10.1007/978-3-642-24040-9",
      eprint         = "0910.4182",
      archivePrefix  = "arXiv",
      primaryClass   = "hep-ph",
      SLACcitation   = "%%CITATION = ARXIV:0910.4182;%%"
}
@article{Harlander:2012pb,
      author         = "Harlander, Robert V. and Liebler, Stefan and Mantler,
                        Hendrik",
      title          = "{SusHi: A program for the calculation of Higgs production
                        in gluon fusion and bottom-quark annihilation in the
                        Standard Model and the MSSM}",
      journal        = "Comput. Phys. Commun.",
      volume         = "184",
      year           = "2013",
      pages          = "1605-1617",
      doi            = "10.1016/j.cpc.2013.02.006",
      eprint         = "1212.3249",
      archivePrefix  = "arXiv",
      primaryClass   = "hep-ph",
      reportNumber   = "WUB-12-28, LPN12-134",
      SLACcitation   = "%%CITATION = ARXIV:1212.3249;%%"
}
@article{Harlander:2016hcx,
      author         = "Harlander, Robert V. and Liebler, Stefan and Mantler,
                        Hendrik",
      title          = "{SusHi Bento: Beyond NNLO and the heavy-top limit}",
      year           = "2016",
      eprint         = "1605.03190",
      archivePrefix  = "arXiv",
      primaryClass   = "hep-ph",
      reportNumber   = "DESY-16-061, KA-TP-14-2016, TTK-16-14",
      SLACcitation   = "%%CITATION = ARXIV:1605.03190;%%"
}
@article{Martin:2009iq,
      author         = "Martin, A. D. and Stirling, W. J. and Thorne, R. S. and
                        Watt, G.",
      title          = "{Parton distributions for the LHC}",
      journal        = "Eur. Phys. J.",
      volume         = "C63",
      year           = "2009",
      pages          = "189-285",
      doi            = "10.1140/epjc/s10052-009-1072-5",
      eprint         = "0901.0002",
      archivePrefix  = "arXiv",
      primaryClass   = "hep-ph",
      reportNumber   = "IPPP-08-95, DCPT-08-190, CAVENDISH-HEP-08-16",
      SLACcitation   = "%%CITATION = ARXIV:0901.0002;%%"
}
@article{Harlander:1997zb,
    author = {Harlander, R. and Seidensticker, T. and Steinhauser, M.},
    title = {Complete Corrections of $\mathcal{O}(\alpha \alpha_s)$ to the Decay of the $Z$~Boson into Bottom Quarks},
    journal = {Phys.~Lett.},
    volume = {B426},
    pages = {125-132},
    doi = {10.1016/S0370-2693(98)00220-2},
    year = {1998},
    eprint = {hep-ph/9712228},
    archiveprefix = {arXiv},
    primaryclass = {hep-ph},
    reportnumber = {MPI-PHT-97-81, TTP-97-52},
    slaccitation = {%%CITATION = HEP-PH/9712228;%%},
}

@article{Butterworth:2015oua,
      author         = "Butterworth, Jon and others",
      title          = "{PDF4LHC recommendations for LHC Run II}",
      journal        = "J. Phys.",
      volume         = "G43",
      year           = "2016",
      pages          = "023001",
      doi            = "10.1088/0954-3899/43/2/023001",
      eprint         = "1510.03865",
      archivePrefix  = "arXiv",
      primaryClass   = "hep-ph",
      reportNumber   = "OUTP-15-17P, SMU-HEP-15-12, TIF-UNIMI-2015-14,
                        LCTS-2015-27, CERN-PH-TH-2015-249",
      SLACcitation   = "%%CITATION = ARXIV:1510.03865;%%"
}


@article{Lepage:1980dq,
      author         = "Lepage, G. Peter",
      title          = "{VEGAS: An Adaptive Multidimensional Integration
                        Program}",
      year           = "1980",
      journal   = "CLNS-80/447",
      SLACcitation   = "%%CITATION = CLNS-80/447;%%"
}


@article{NNPDF,
      author         = "Ball, Richard D. and others",
      title          = "{Parton distributions for the LHC Run II}",
      collaboration  = "NNPDF",
      journal        = "JHEP",
      volume         = "04",
      year           = "2015",
      pages          = "040",
      doi            = "10.1007/JHEP04(2015)040",
      eprint         = "1410.8849",
      archivePrefix  = "arXiv",
      primaryClass   = "hep-ph",
      reportNumber   = "EDINBURGH-2014-15, IFUM-1034-FT, CERN-PH-TH-2013-253,
      OUTP-14-11P, CAVENDISH-HEP-14-11",
      SLACcitation   = "%%CITATION = ARXIV:1410.8849;%%"
}

@article{MMHT14,
      author         = "Harland-Lang, L. A. and Martin, A. D. and Motylinski, P.
      and Thorne, R. S.",
      title          = "{Parton distributions in the LHC era: MMHT 2014 PDFs}",
      journal        = "Eur. Phys. J.",
      volume         = "C75",
      year           = "2015",
      number         = "5",
      pages          = "204",
      doi            = "10.1140/epjc/s10052-015-3397-6",
      eprint         = "1412.3989",
      archivePrefix  = "arXiv",
      primaryClass   = "hep-ph",
      reportNumber   = "LCTS-2014-47, IPPP-14-97, DCPT-14-194",
      SLACcitation   = "%%CITATION = ARXIV:1412.3989;%%"
}

@article{CT14,
      author         = "Dulat, Sayipjamal and Hou, Tie-Jiun and Gao, Jun and
      Guzzi, Marco and Huston, Joey and Nadolsky, Pavel and
      Pumplin, Jon and Schmidt, Carl and Stump, Daniel and Yuan,
      C. P.",
      title          = "{New parton distribution functions from a global analysis
      of quantum chromodynamics}",
      journal        = "Phys. Rev.",
      volume         = "D93",
      year           = "2016",
      number         = "3",
      pages          = "033006",
      doi            = "10.1103/PhysRevD.93.033006",
      eprint         = "1506.07443",
      archivePrefix  = "arXiv",
      primaryClass   = "hep-ph",
      SLACcitation   = "%%CITATION = ARXIV:1506.07443;%%"
}

@article{Hahn:2004fe,
      author         = "Hahn, T.",
      title          = "{CUBA: A Library for multidimensional numerical
                        integration}",
      journal        = "Comput. Phys. Commun.",
      volume         = "168",
      year           = "2005",
      pages          = "78-95",
      doi            = "10.1016/j.cpc.2005.01.010",
      eprint         = "hep-ph/0404043",
      archivePrefix  = "arXiv",
      primaryClass   = "hep-ph",
      reportNumber   = "MPP-2004-40",
      SLACcitation   = "%%CITATION = HEP-PH/0404043;%%"
}
%%%%%%%%%%%%%%%%%% EXP %%%%%%%%%%%%%%%%%%%%%%%%%%%%%%%%%%%%%%%%%%%%%%%

@article{CMS:2014ipa,
      author         = "CMS Collaboration",
      title          = "{Search for the resonant production of two Higgs bosons
                        in the final state with two photons and two bottom
                        quarks}",
      collaboration  = "CMS",
      year           = "2014",
      reportNumber   = "CMS-PAS-HIG-13-032",
      SLACcitation   = "%%CITATION = CMS-PAS-HIG-13-032;%%"
}
@article{Khachatryan:2015yea,
      author         = "Khachatryan, Vardan and others",
      title          = "{Search for resonant pair production of Higgs bosons
                        decaying to two bottom quark antiquark pairs in
                        proton‚Äìproton collisions at 8 TeV}",
      collaboration  = "CMS",
      journal        = "Phys. Lett.",
      volume         = "B749",
      year           = "2015",
      pages          = "560-582",
      doi            = "10.1016/j.physletb.2015.08.047",
      eprint         = "1503.04114",
      archivePrefix  = "arXiv",
      primaryClass   = "hep-ex",
      reportNumber   = "CMS-HIG-14-013, CERN-PH-EP-2015-042",
      SLACcitation   = "%%CITATION = ARXIV:1503.04114;%%"
}
@article{Aad:2015uka,
      author         = "Aad, Georges and others",
      title          = "{Search for Higgs boson pair production in the
                        $b\bar{b}b\bar{b}$ final state from pp collisions at
                        $\sqrt{s} = 8$ TeVwith the ATLAS detector}",
      collaboration  = "ATLAS",
      journal        = "Eur. Phys. J.",
      volume         = "C75",
      year           = "2015",
      number         = "9",
      pages          = "412",
      doi            = "10.1140/epjc/s10052-015-3628-x",
      eprint         = "1506.00285",
      archivePrefix  = "arXiv",
      primaryClass   = "hep-ex",
      reportNumber   = "CERN-PH-EP-2015-099",
      SLACcitation   = "%%CITATION = ARXIV:1506.00285;%%"
}
@article{Aad:2014yja,
      author         = "Aad, Georges and others",
      title          = "{Search For Higgs Boson Pair Production in the
                        $\gamma\gamma b\bar{b}$ Final State using $pp$ Collision
                        Data at $\sqrt{s}=8$ TeV from the ATLAS Detector}",
      collaboration  = "ATLAS",
      journal        = "Phys. Rev. Lett.",
      volume         = "114",
      year           = "2015",
      number         = "8",
      pages          = "081802",
      doi            = "10.1103/PhysRevLett.114.081802",
      eprint         = "1406.5053",
      archivePrefix  = "arXiv",
      primaryClass   = "hep-ex",
      reportNumber   = "CERN-PH-EP-2014-113",
      SLACcitation   = "%%CITATION = ARXIV:1406.5053;%%"
}
@article{Aad:2015xja,
      author         = "Aad, Georges and others",
      title          = "{Searches for Higgs boson pair production in the $hh\to
                        bb\tau\tau, \gamma\gamma WW^*, \gamma\gamma bb, bbbb$
                        channels with the ATLAS detector}",
      collaboration  = "ATLAS",
      journal        = "Phys. Rev.",
      volume         = "D92",
      year           = "2015",
      pages          = "092004",
      doi            = "10.1103/PhysRevD.92.092004",
      eprint         = "1509.04670",
      archivePrefix  = "arXiv",
      primaryClass   = "hep-ex",
      reportNumber   = "CERN-PH-EP-2015-225",
      SLACcitation   = "%%CITATION = ARXIV:1509.04670;%%"
}
@techreport{ATLAS-CONF-2016-004,
      title         = "{Search for Higgs boson pair production in the
                       $b\bar{b}\gamma\gamma$ final state using pp collision data
                       at $\sqrt{s}=13$ TeV with the ATLAS detector}",
      collaboration  = "ATLAS",
      number        = "ATLAS-CONF-2016-004",
      month         = "Mar",
      year          = "2016",
      reportNumber  = "ATLAS-CONF-2016-004",
      url           = "http://cds.cern.ch/record/2138949",
}
@techreport{CMS-PAS-HIG-16-013,
      title         = "{Search for resonant Higgs boson pair production in the
                       $\mathrm{b\overline{b}}\tau^+\tau^-$ final state}",
      collaboration = "CMS",
      number        = "CMS-PAS-HIG-16-013",
      year          = "2016",
      reportNumber  = "CMS-PAS-HIG-16-013",
      url           = "https://cds.cern.ch/record/2139315",
}
@techreport{CMS:2016ugf,
      author         = "CMS Collaboration",
      title          = "{Search for non-resonant Higgs boson pair production in
                        the $\mathrm{b\overline{b}}\tau^+\tau^-$ final state}",
      collaboration  = "CMS",
      number         = "CMS-PAS-HIG-16-012",
      year           = "2016",
      reportNumber   = "CMS-PAS-HIG-16-012",
      SLACcitation   = "%%CITATION = CMS-PAS-HIG-16-012;%%"
}
@techreport{CMS:2016zxv,
      collaboration  = "CMS",
      title          = "{Model independent search for Higgs boson pair production
                        in the $\mathrm{b\overline{b}}\tau^+\tau^-$ final state}",
      number         = "CMS-PAS-HIG-15-013",
      year           = "2016",
      reportNumber   = "CMS-PAS-HIG-15-013",
      SLACcitation   = "%%CITATION = CMS-PAS-HIG-15-013;%%"
}
@techreport{CMS:2016tlj,
      title          = "{Search for resonant pair production of Higgs bosons
                        decaying to two bottom quark-antiquark pairs in
                        proton-proton collisions at 13 TeV}",
      collaboration  = "CMS",
      number         = "CMS-PAS-HIG-16-002",
      year           = "2016",
      reportNumber   = "CMS-PAS-HIG-16-002",
      SLACcitation   = "%%CITATION = CMS-PAS-HIG-16-002;%%"
}
@techreport{CMS:2016rec,
      title          = "{Search for resonant Higgs boson pair production in the
                        $\mathrm{b}\overline{\mathrm{b}} \mathrm{l}\nu
                        \mathrm{l}\nu$ final state at $\sqrt{s} =
                        13~\mathrm{TeV}$}",
      collaboration  = "CMS",
      number         = "CMS-PAS-HIG-16-011",
      year           = "2016",
      reportNumber   = "CMS-PAS-HIG-16-011",
      SLACcitation   = "%%CITATION = CMS-PAS-HIG-16-011;%%"
}
@article{Khachatryan:2016sey,
      author         = "Khachatryan, Vardan and others",
      title          = "{Search for two Higgs bosons in final states containing
                        two photons and two bottom quarks}",
      collaboration  = "CMS",
      year           = "2016",
      eprint         = "1603.06896",
      archivePrefix  = "arXiv",
      primaryClass   = "hep-ex",
      reportNumber   = "CMS-HIG-13-032, CERN-EP-2016-050",
      SLACcitation   = "%%CITATION = ARXIV:1603.06896;%%"
}
@article{Aaboud:2016xco,
      author         = "Aaboud, Morad and others",
      title          = "{Search for pair production of Higgs bosons in the
                        $b\bar{b}b\bar{b}$ final state using proton--proton
                        collisions at $\sqrt{s} = 13$ TeV with the ATLAS
                        detector}",
      collaboration  = "ATLAS",
      year           = "2016",
      eprint         = "1606.04782",
      archivePrefix  = "arXiv",
      primaryClass   = "hep-ex",
      reportNumber   = "CERN-EP-2016-142",
      SLACcitation   = "%%CITATION = ARXIV:1606.04782;%%"
}
@techreport{ATLAS:2016qmt,
      title          = "{Search for Higgs boson pair production in the final
                        state of $\gamma\gamma WW^*$($\rightarrow l\nu jj$) using
                        13.3 fb$^{-1}$ of $pp$ collision data recorded at
                        $\sqrt{s}= $ 13 TeV with the ATLAS detector}",
      collaboration  = "ATLAS",
      number   = "ATLAS-CONF-2016-071",
      year           = "2016",
      reportNumber   = "ATLAS-CONF-2016-071",
      SLACcitation   = "%%CITATION = ATLAS-CONF-2016-071;%%"
}
@techreport{CMS:2016cdj,
      title          = "{Search for Higgs boson pair production in the
                        $\mathrm{b}\overline{\mathrm{b}} \mathrm{l}\nu
                        \mathrm{l}\nu$ final state at $\sqrt{s} =
                        13~\mathrm{TeV}$}",
      collaboration  = "CMS",
      number   = "CMS-PAS-HIG-16-024",
      year           = "2016",
      reportNumber   = "CMS-PAS-HIG-16-024",
      SLACcitation   = "%%CITATION = CMS-PAS-HIG-16-024;%%"
}
@techreport{CMS:2016ymn,
      title          = "{Search for non-resonant Higgs boson pair production in
                        the bbtautau final state using 2016 data}",
      collaboration  = "CMS",
      number   = "CMS-PAS-HIG-16-028",
      year           = "2016",
      reportNumber   = "CMS-PAS-HIG-16-028",
      SLACcitation   = "%%CITATION = CMS-PAS-HIG-16-028;%%"
}
@techreport{ATL-PHYS-PUB-2015-046,
      title         = "{Higgs Pair Production in the $H(\rightarrow
                       \tau\tau)H(\rightarrow b\bar{b})$ channel at the
                       High-Luminosity LHC}",
      collaboration  = "ATLAS",
      number        = "ATL-PHYS-PUB-2015-046",
      year          = "2015",
      reportNumber  = "ATL-PHYS-PUB-2015-046",
      url           = "http://cds.cern.ch/record/2065974",
}
@techreport{ATL-PHYS-PUB-2014-019,
      title         = "{Prospects for measuring Higgs pair production in the
                       channel $H(\rightarrow\gamma\gamma)H(\rightarrow
                       b\overline{b}) $ using the ATLAS detector at the HL-LHC}",
      collaboration  = "ATLAS",
      number        = "ATL-PHYS-PUB-2014-019",
      month         = "Oct",
      year          = "2014",
      reportNumber  = "ATL-PHYS-PUB-2014-019",
      url           = "http://cds.cern.ch/record/1956733",
}
@techreport{Contardo:2020886,
      author        = "Contardo, D and Klute, M and Mans, J and Silvestris, L and
                       Butler, J",
      title         = "{Technical Proposal for the Phase-II Upgrade of the CMS
                       Detector}",
      address       = "Geneva",
      number        = "CERN-LHCC-2015-010. LHCC-P-008. CMS-TDR-15-02",
      month         = "Jun",
      year          = "2015",
      reportNumber  = "CERN-LHCC-2015-010",
      url           = "https://cds.cern.ch/record/2020886",
}
@book{michelangelo,
      title         = "{We thank Michelangelo Mangano for pointing this out.}",
}
@article{Mangano:2016jyj,
      author         = "Mangano, M. L. and others",
      title          = "{Physics at a 100 TeV pp collider: Standard Model
                        processes}",
      year           = "2016",
      eprint         = "1607.01831",
      archivePrefix  = "arXiv",
      primaryClass   = "hep-ph",
      reportNumber   = "CERN-TH-2016-112, FERMILAB-FN-1021-T",
      SLACcitation   = "%%CITATION = ARXIV:1607.01831;%%"
}
%%%%%%%%%%%%%%%%%%%%%%%%%%%%%%%%%%%%%%%%%%%%%%%%%%%%%%%%%%%%%%%%%%%%%%%%%
@article{Borowka:2016ehy,
      author         = "Borowka, S. and Greiner, N. and Heinrich, G. and Jones,
                        S.‚ÄâP. and Kerner, M. and Schlenk, J. and Schubert, U.
                        and Zirke, T.",
      title          = "{Higgs Boson Pair Production in Gluon Fusion at
                        Next-to-Leading Order with Full Top-Quark Mass
                        Dependence}",
      journal        = "Phys. Rev. Lett.",
      volume         = "117",
      year           = "2016",
      number         = "1",
      pages          = "012001, erratum ibid 079901",
      doi            = "10.1103/PhysRevLett.117.012001,10.1103/PhysRevLett.117.079901",
      eprint         = "1604.06447",
      archivePrefix  = "arXiv",
      primaryClass   = "hep-ph",
      reportNumber   = "MPP-2016-80, NSF-KITP-16-040, ZH-TH-14-16",
      SLACcitation   = "%%CITATION = ARXIV:1604.06447;%%"
}

@article{Jacob:1959at,
      author         = "Jacob, M. and Wick, G. C.",
      title          = "{On the general theory of collisions for particles with
                        spin}",
      journal        = "Annals Phys.",
      volume         = "7",
      year           = "1959",
      pages          = "404-428",
      doi            = "10.1016/0003-4916(59)90051-X",
      note           = "[Annals Phys.281,774(2000)]",
      SLACcitation   = "%%CITATION = APNYA,7,404;%%"
}
@article{Degrande:2012wf,
      author         = "Degrande, Celine and Greiner, Nicolas and Kilian,
                        Wolfgang and Mattelaer, Olivier and Mebane, Harrison and
                        Stelzer, Tim and Willenbrock, Scott and Zhang, Cen",
      title          = "{Effective Field Theory: A Modern Approach to Anomalous
                        Couplings}",
      journal        = "Annals Phys.",
      volume         = "335",
      year           = "2013",
      pages          = "21-32",
      doi            = "10.1016/j.aop.2013.04.016",
      eprint         = "1205.4231",
      archivePrefix  = "arXiv",
      primaryClass   = "hep-ph",
      reportNumber   = "MPP-2011-149, SI-HEP-2011-17, CP3-12-25",
      SLACcitation   = "%%CITATION = ARXIV:1205.4231;%%"
}
@article{Buschmann:2014sia,
      author         = "Buschmann, Malte and Goncalves, Dorival and Kuttimalai,
                        Silvan and Sch{\"o}nherr, Marek and Krauss, Frank and Plehn,
                        Tilman",
      title          = "{Mass Effects in the Higgs-Gluon Coupling: Boosted vs
                        Off-Shell Production}",
      journal        = "JHEP",
      volume         = "02",
      year           = "2015",
      pages          = "038",
      doi            = "10.1007/JHEP02(2015)038",
      eprint         = "1410.5806",
      archivePrefix  = "arXiv",
      primaryClass   = "hep-ph",
      reportNumber   = "IPPP-14-93, DCPT-14-186",
      SLACcitation   = "%%CITATION = ARXIV:1410.5806;%%"
}
@article{deFlorian:2016uhr,
      author         = "de Florian, Daniel and Grazzini, Massimiliano and Hanga,
                        Catalin and Kallweit, Stefan and Lindert, Jonas M. and
                        Maierh√∂fer, Philipp and Mazzitelli, Javier and Rathlev,
                        Dirk",
      title          = "{Differential Higgs Boson Pair Production at
                        Next-to-Next-to-Leading Order in QCD}",
      journal        = "JHEP",
      volume         = "09",
      year           = "2016",
      pages          = "151",
      doi            = "10.1007/JHEP09(2016)151",
      eprint         = "1606.09519",
      archivePrefix  = "arXiv",
      primaryClass   = "hep-ph",
      reportNumber   = "DESY-16-107, FR-PHENO-2016-007, ICAS-08-16, MITP-16-061,
                        ZU-TH-20-16",
      SLACcitation   = "%%CITATION = ARXIV:1606.09519;%%"
}

@article{Degrassi:2016vss,
      author         = "Degrassi, Giuseppe and Giardino, Pier Paolo and Gr{\"o}ber,
                        Ramona",
      title          = "{On the two-loop virtual QCD corrections to Higgs boson
                        pair production in the Standard Model}",
      journal        = "Eur. Phys. J.",
      volume         = "C76",
      year           = "2016",
      number         = "7",
      pages          = "411",
      doi            = "10.1140/epjc/s10052-016-4256-9",
      eprint         = "1603.00385",
      archivePrefix  = "arXiv",
      primaryClass   = "hep-ph",
      SLACcitation   = "%%CITATION = ARXIV:1603.00385;%%"
}
@article{Degrassi:2016wml,
      author         = "Degrassi, Giuseppe and Giardino, Pier Paolo and Maltoni,
                        Fabio and Pagani, Davide",
      title          = "{Probing the Higgs self coupling via single Higgs
                        production at the LHC}",
      year           = "2016",
      eprint         = "1607.04251",
      archivePrefix  = "arXiv",
      primaryClass   = "hep-ph",
      reportNumber   = "CP3-16-38, RM3-TH-16-8",
      SLACcitation   = "%%CITATION = ARXIV:1607.04251;%%"
}
@article{Spira:2016zna,
      author         = "Spira, Michael",
      title          = "{Effective Multi-Higgs Couplings to Gluons}",
      year           = "2016",
      eprint         = "1607.05548",
      archivePrefix  = "arXiv",
      primaryClass   = "hep-ph",
      reportNumber   = "PSI-PR-16-10",
      SLACcitation   = "%%CITATION = ARXIV:1607.05548;%%"
}
@article{Kanemura:2016lkz,
      author         = "Kanemura, Shinya and Kikuchi, Mariko and Yagyu, Kei",
      title          = "{One-loop corrections to the Higgs self-couplings in the
                        singlet extension}",
      year           = "2016",
      eprint         = "1608.01582",
      archivePrefix  = "arXiv",
      primaryClass   = "hep-ph",
      reportNumber   = "UT-HET-116",
      SLACcitation   = "%%CITATION = ARXIV:1608.01582;%%"
}
@article{Caola:2016upw,
      author         = "Caola, Fabrizio and Forte, Stefano and Marzani, Simone
                        and Muselli, Claudio and Vita, Gherardo",
      title          = "{The Higgs transverse momentum spectrum with finite quark
                        masses beyond leading order}",
      year           = "2016",
      eprint         = "1606.04100",
      archivePrefix  = "arXiv",
      primaryClass   = "hep-ph",
      reportNumber   = "CERN-TH-2016-139, TIF-UNIMI-2016-4, MIT-CTP-4799",
      SLACcitation   = "%%CITATION = ARXIV:1606.04100;%%"
}
@article{Greiner:2016awe,
      author         = "Greiner, Nicolas and Hoeche, Stefan and Luisoni, Gionata
                        and Sch{\"o}nherr, Marek and Winter, Jan-Christopher",
      title          = "{Full mass dependence in Higgs boson production in
                        association with jets at the LHC and FCC}",
      year           = "2016",
      eprint         = "1608.01195",
      archivePrefix  = "arXiv",
      primaryClass   = "hep-ph",
      reportNumber   = "CERN-TH-2016-171, MSUHEP-160727, SLAC-PUB-16778,
                        ZH-TH-28-16, --MCNET-16-32,  --MCNET-16-32",
      SLACcitation   = "%%CITATION = ARXIV:1608.01195;%%"
}
@article{Grober:2015cwa,
      author         = "Gr{\"o}ber, Ramona and M{\"u}hlleitner, Margarete and Spira,
                        Michael and Streicher, Juraj",
      title          = "{NLO QCD Corrections to Higgs Pair Production including
                        Dimension-6 Operators}",
      journal        = "JHEP",
      volume         = "09",
      year           = "2015",
      pages          = "092",
      doi            = "10.1007/JHEP09(2015)092",
      eprint         = "1504.06577",
      archivePrefix  = "arXiv",
      primaryClass   = "hep-ph",
      reportNumber   = "KA-TP-08-2015, PSI-PR-15-03, RM3-TH-15-5",
      SLACcitation   = "%%CITATION = ARXIV:1504.06577;%%"
}
@article{Ghezzi:2015vva,
      author         = "Ghezzi, Margherita and Gomez-Ambrosio, Raquel and
                        Passarino, Giampiero and Uccirati, Sandro",
      title          = "{NLO Higgs effective field theory and $\kappa$-framework}",
      journal        = "JHEP",
      volume         = "07",
      year           = "2015",
      pages          = "175",
      doi            = "10.1007/JHEP07(2015)175",
      eprint         = "1505.03706",
      archivePrefix  = "arXiv",
      primaryClass   = "hep-ph",
      SLACcitation   = "%%CITATION = ARXIV:1505.03706;%%"
}
@article{Stephen:LL2016,
      author         = "Jones, S. P.",
      title          = "{Automation of 2-loop amplitude calculations}",
      booktitle      = "{13th DESY Workshop on Elementary Particle Physics: Loops
                        and Legs in Quantum Field Theory (LL2016) Leipzig,
                        Germany, April 24-29, 2016}",
      journal        = "PoS",
      volume         = "LL2016",
      pages          = "069",
      eprint         = "1608.03846",
      archivePrefix  = "arXiv",
      primaryClass   = "hep-ph",
      year           = "2016"
}
@article{Matthias:LL2016,
      author         = "Kerner, M.",
      title          = "{NLO corrections to Higgs boson pair production in gluon fusion}",
      booktitle      = "{13th DESY Workshop on Elementary Particle Physics: Loops
                        and Legs in Quantum Field Theory (LL2016) Leipzig,
                        Germany, April 24-29, 2016}",
      journal        = "PoS",
      volume         = "LL2016",
      pages          = "023",
      eprint         = "1608.03851",
      archivePrefix  = "arXiv",
      primaryClass   = "hep-ph",
      year           = "2016"
}
@article{Li:2016nrr,
      author         = "Li, Hai Tao and Wang, Jian",
      title          = "{Fully Differential Higgs Pair Production in Association
                        With a $W$ Boson at Next-to-Next-to-Leading Order in QCD}",
      year           = "2016",
      eprint         = "1607.06382",
      archivePrefix  = "arXiv",
      primaryClass   = "hep-ph",
      reportNumber   = "COEPP-MN-16-17, MITP-16-054",
      SLACcitation   = "%%CITATION = ARXIV:1607.06382;%%"
}

@article{Behr:2015oqq,
      author         = "Behr, J. Katharina and Bortoletto, Daniela and Frost,
                        James A. and Hartland, Nathan P. and Issever, Cigdem and
                        Rojo, Juan",
      title          = "{Boosting Higgs pair production in the $b\bar{b}b\bar{b}$
                        final state with multivariate techniques}",
      journal        = "Eur. Phys. J.",
      volume         = "C76",
      year           = "2016",
      number         = "7",
      pages          = "386",
      doi            = "10.1140/epjc/s10052-016-4215-5",
      eprint         = "1512.08928",
      archivePrefix  = "arXiv",
      primaryClass   = "hep-ph",
      reportNumber   = "OUTP-15-14P",
      SLACcitation   = "%%CITATION = ARXIV:1512.08928;%%"
}
@article{Bonciani:2015eua,
      author         = "Bonciani, R. and Del Duca, Vittorio and Frellesvig,
                        Hjalte and Henn, Johannes M. and Moriello, Francesco and
                        Smirnov, Vladimir A.",
      title          = "{Next-to-leading order QCD corrections to the decay width
                        $H\to Z\gamma$}",
      journal        = "JHEP",
      volume         = "08",
      year           = "2015",
      pages          = "108",
      doi            = "10.1007/JHEP08(2015)108",
      eprint         = "1505.00567",
      archivePrefix  = "arXiv",
      primaryClass   = "hep-ph",
      SLACcitation   = "%%CITATION = ARXIV:1505.00567;%%"
}
@article{Cao:2015oaa,
      author         = "Cao, Qing-Hong and Yan, Bin and Zhang, Dong-Ming and
                        Zhang, Hao",
      title          = "{Resolving the Degeneracy in Single Higgs Production with
                        Higgs Pair Production}",
      journal        = "Phys. Lett.",
      volume         = "B752",
      year           = "2016",
      pages          = "285-290",
      doi            = "10.1016/j.physletb.2015.11.045",
      eprint         = "1508.06512",
      archivePrefix  = "arXiv",
      primaryClass   = "hep-ph",
      SLACcitation   = "%%CITATION = ARXIV:1508.06512;%%"
}
@article{Cao:2015oxx,
      author         = "Cao, Qing-Hong and Liu, Yandong and Yan, Bin",
      title          = "{Measuring Trilinear Higgs Coupling in $WHH$ and $ZHH$
                        Productions at the HL-LHC}",
      year           = "2015",
      eprint         = "1511.03311",
      archivePrefix  = "arXiv",
      primaryClass   = "hep-ph",
      SLACcitation   = "%%CITATION = ARXIV:1511.03311;%%"
}
@article{Gorbahn:2016uoy,
      author         = "Gorbahn, Martin and Haisch, Ulrich",
      title          = "{Indirect probes of the trilinear Higgs coupling: $gg \to
                        h$ and $h \to \gamma \gamma$}",
      year           = "2016",
      eprint         = "1607.03773",
      archivePrefix  = "arXiv",
      primaryClass   = "hep-ph",
      reportNumber   = "LTH-1092, CERN-TH-2016-161",
      SLACcitation   = "%%CITATION = ARXIV:1607.03773;%%"
}

@article{Kim:2018uty,
      author         = "Kim, Jeong Han and Sakaki, Yasuhito and Son, Minho",
      title          = "{Combined analysis of double Higgs production via gluon
                        fusion at the HL-LHC in the effective field theory
                        approach}",
      year           = "2018",
      eprint         = "1801.06093",
      archivePrefix  = "arXiv",
      primaryClass   = "hep-ph",
      SLACcitation   = "%%CITATION = ARXIV:1801.06093;%%"
}
@article{Liu-Sheng:2017pxk,
      author         = "Ling, Liu-Sheng and Zhang, Ren-You and Ma, Wen-Gan and
                        Li, Xiao-Zhou and Guo, Lei and Wang, Shao-Ming",
      title          = "{Dimension-six operators in Higgs boson pair production
                        via vector-boson fusion at the LHC}",
      journal        = "Phys. Rev.",
      volume         = "D96",
      year           = "2017",
      number         = "5",
      pages          = "055006",
      doi            = "10.1103/PhysRevD.96.055006",
      eprint         = "1708.04785",
      archivePrefix  = "arXiv",
      primaryClass   = "hep-ph",
      SLACcitation   = "%%CITATION = ARXIV:1708.04785;%%"
}
@article{Grober:2017gut,
      author         = "Gr{\"o}ber, R. and M{\"u}hlleitner, M. and Spira, M.",
      title          = "{Higgs Pair Production at NLO QCD for CP-violating Higgs
                        Sectors}",
      journal        = "Nucl. Phys.",
      volume         = "B925",
      year           = "2017",
      pages          = "1-27",
      doi            = "10.1016/j.nuclphysb.2017.10.002",
      eprint         = "1705.05314",
      archivePrefix  = "arXiv",
      primaryClass   = "hep-ph",
      SLACcitation   = "%%CITATION = ARXIV:1705.05314;%%"
}

@article{Dawson:2017vgm,
      author         = "Dawson, Sally and Murphy, Christopher W.",
      title          = "{Standard Model EFT and Extended Scalar Sectors}",
      journal        = "Phys. Rev.",
      volume         = "D96",
      year           = "2017",
      number         = "1",
      pages          = "015041",
      doi            = "10.1103/PhysRevD.96.015041",
      eprint         = "1704.07851",
      archivePrefix  = "arXiv",
      primaryClass   = "hep-ph",
      SLACcitation   = "%%CITATION = ARXIV:1704.07851;%%"
}

@article{DiLuzio:2017tfn,
      author         = "Di Luzio, Luca and Gr{\"ob}er, Ramona and Spannowsky,
                        Michael",
      title          = "{Maxi-sizing the trilinear Higgs self-coupling: how large
                        could it be?}",
      journal        = "Eur. Phys. J.",
      volume         = "C77",
      year           = "2017",
      number         = "11",
      pages          = "788",
      doi            = "10.1140/epjc/s10052-017-5361-0",
      eprint         = "1704.02311",
      archivePrefix  = "arXiv",
      primaryClass   = "hep-ph",
      reportNumber   = "IPPP-17-26",
      SLACcitation   = "%%CITATION = ARXIV:1704.02311;%%"
}
@article{Grober:2017uho,
      author         = "Gr{\"o}ber, Ramona and Maier, Andreas and Rauh, Thomas",
      title          = "{Reconstruction of top-quark mass effects in Higgs pair
                        production and other gluon-fusion processes}",
      journal        = "JHEP",
      volume         = "03",
      year           = "2018",
      pages          = "020",
      doi            = "10.1007/JHEP03(2018)020",
      eprint         = "1709.07799",
      archivePrefix  = "arXiv",
      primaryClass   = "hep-ph",
      reportNumber   = "IPPP-17-70",
      SLACcitation   = "%%CITATION = ARXIV:1709.07799;%%"
}

@article{Buchalla:2013rka,
      author         = "Buchalla, Gerhard and Cata, Oscar and Krause, Claudius",
      title          = "{Complete Electroweak Chiral Lagrangian with a Light
                        Higgs at NLO}",
      journal        = "Nucl. Phys.",
      volume         = "B880",
      year           = "2014",
      pages          = "552-573",
      doi            = "10.1016/j.nuclphysb.2016.09.010,
                        10.1016/j.nuclphysb.2014.01.018",
      note           = "[Erratum: Nucl. Phys.B913,475(2016)]",
      eprint         = "1307.5017",
      archivePrefix  = "arXiv",
      primaryClass   = "hep-ph",
      reportNumber   = "LMU-ASC-42-13, LMU-ASC~42-13",
      SLACcitation   = "%%CITATION = ARXIV:1307.5017;%%"
}

@article{Buchalla:2013eza,
      author         = "Buchalla, Gerhard and Cata, Oscar and Krause, Claudius",
      title          = "{On the Power Counting in Effective Field Theories}",
      journal        = "Phys. Lett.",
      volume         = "B731",
      year           = "2014",
      pages          = "80-86",
      doi            = "10.1016/j.physletb.2014.02.015",
      eprint         = "1312.5624",
      archivePrefix  = "arXiv",
      primaryClass   = "hep-ph",
      reportNumber   = "LMU-ASC-81-13",
      SLACcitation   = "%%CITATION = ARXIV:1312.5624;%%"
}
@article{Buchalla:2014eca,
      author         = "Buchalla, Gerhard and Cata, Oscar and Krause, Claudius",
      title          = "{A Systematic Approach to the SILH Lagrangian}",
      journal        = "Nucl. Phys.",
      volume         = "B894",
      year           = "2015",
      pages          = "602-620",
      doi            = "10.1016/j.nuclphysb.2015.03.024",
      eprint         = "1412.6356",
      archivePrefix  = "arXiv",
      primaryClass   = "hep-ph",
      reportNumber   = "LMU-ASC-49-14, FLAVOUR(267104)-ERC-77",
      SLACcitation   = "%%CITATION = ARXIV:1412.6356;%%"
}
@article{Buchalla:2015wfa,
      author         = "Buchalla, G. and Cata, O. and Celis, A. and Krause, C.",
      title          = "{Note on Anomalous Higgs-Boson Couplings in Effective
                        Field Theory}",
      journal        = "Phys. Lett.",
      volume         = "B750",
      year           = "2015",
      pages          = "298-301",
      doi            = "10.1016/j.physletb.2015.09.027",
      eprint         = "1504.01707",
      archivePrefix  = "arXiv",
      primaryClass   = "hep-ph",
      reportNumber   = "LMU-ASC-19-15",
      SLACcitation   = "%%CITATION = ARXIV:1504.01707;%%"
}

@article{Buchalla:2015qju,
      author         = "Buchalla, G. and Cata, O. and Celis, A. and Krause, C.",
      title          = "{Fitting Higgs Data with Nonlinear Effective Theory}",
      journal        = "Eur. Phys. J.",
      volume         = "C76",
      year           = "2016",
      number         = "5",
      pages          = "233",
      doi            = "10.1140/epjc/s10052-016-4086-9",
      eprint         = "1511.00988",
      archivePrefix  = "arXiv",
      primaryClass   = "hep-ph",
      reportNumber   = "LMU-ASC-69-15",
      SLACcitation   = "%%CITATION = ARXIV:1511.00988;%%"
}
@article{Buchalla:2017jlu,
      author         = "Buchalla, G. and Cata, O. and Celis, A. and Knecht, M.
                        and Krause, C.",
      title          = "{Complete One-Loop Renormalization of the
                        Higgs-Electroweak Chiral Lagrangian}",
      journal        = "Nucl. Phys.",
      volume         = "B928",
      year           = "2018",
      pages          = "93-106",
      doi            = "10.1016/j.nuclphysb.2018.01.009",
      eprint         = "1710.06412",
      archivePrefix  = "arXiv",
      primaryClass   = "hep-ph",
      reportNumber   = "LMU-ASC-64-17, SI-HEP-2017-22, QFET-2017-20, IFIC-17-51,
                        FTUV-17-1018, --FTUV-17-1018, --FTUV-17-1018",
      SLACcitation   = "%%CITATION = ARXIV:1710.06412;%%"
}
@article{ALEPH:2005ab,
      author         = "Schael, S. and others",
      title          = "{Precision electroweak measurements on the $Z$
                        resonance}",
      collaboration  = "SLD Electroweak Group, DELPHI, ALEPH, SLD, SLD Heavy
                        Flavour Group, OPAL, LEP Electroweak Working Group, L3",
      journal        = "Phys. Rept.",
      volume         = "427",
      year           = "2006",
      pages          = "257-454",
      doi            = "10.1016/j.physrep.2005.12.006",
      eprint         = "hep-ex/0509008",
      archivePrefix  = "arXiv",
      primaryClass   = "hep-ex",
      reportNumber   = "SLAC-R-774",
      SLACcitation   = "%%CITATION = HEP-EX/0509008;%%"
}
@article{Contino:2012xk,
      author         = "Contino, Roberto and Ghezzi, Margherita and Moretti,
                        Mauro and Panico, Giuliano and Piccinini, Fulvio and
                        Wulzer, Andrea",
      title          = "{Anomalous Couplings in Double Higgs Production}",
      journal        = "JHEP",
      volume         = "08",
      year           = "2012",
      pages          = "154",
      doi            = "10.1007/JHEP08(2012)154",
      eprint         = "1205.5444",
      archivePrefix  = "arXiv",
      primaryClass   = "hep-ph",
      SLACcitation   = "%%CITATION = ARXIV:1205.5444;%%"
}
@article{Azatov:2015oxa,
      author         = "Azatov, Aleksandr and Contino, Roberto and Panico,
                        Giuliano and Son, Minho",
      title          = "{Effective field theory analysis of double Higgs boson
                        production via gluon fusion}",
      journal        = "Phys. Rev.",
      volume         = "D92",
      year           = "2015",
      number         = "3",
      pages          = "035001",
      doi            = "10.1103/PhysRevD.92.035001",
      eprint         = "1502.00539",
      archivePrefix  = "arXiv",
      primaryClass   = "hep-ph",
      reportNumber   = "CERN-PH-TH-2015-015",
      SLACcitation   = "%%CITATION = ARXIV:1502.00539;%%"
}
@article{deFlorian:2016spz,
      author         = "de Florian, D. and others",
      title          = "{Handbook of LHC Higgs Cross Sections: 4. Deciphering the
                        Nature of the Higgs Sector}",
      collaboration  = "LHC Higgs Cross Section Working Group",
      doi            = "10.23731/CYRM-2017-002",
      year           = "2016",
      eprint         = "1610.07922",
      archivePrefix  = "arXiv",
      primaryClass   = "hep-ph",
      reportNumber   = "FERMILAB-FN-1025-T, CERN-2017-002-M",
      SLACcitation   = "%%CITATION = ARXIV:1610.07922;%%"
}
@article{deFlorian:2017qfk,
      author         = "de Florian, Daniel and Fabre, Ignacio and Mazzitelli,
                        Javier",
      title          = "{Higgs boson pair production at NNLO in QCD including
                        dimension 6 operators}",
      journal        = "JHEP",
      volume         = "10",
      year           = "2017",
      pages          = "215",
      doi            = "10.1007/JHEP10(2017)215",
      eprint         = "1704.05700",
      archivePrefix  = "arXiv",
      primaryClass   = "hep-ph",
      reportNumber   = "ICAS-28-17, ZU-TH-08-17",
      SLACcitation   = "%%CITATION = ARXIV:1704.05700;%%"
}
@article{Alloul:2013bka,
      author         = "Alloul, Adam and Christensen, Neil D. and Degrande,
                        Celine and Duhr, Claude and Fuks, Benjamin",
      title          = "{FeynRules  2.0 - A complete toolbox for tree-level
                        phenomenology}",
      journal        = "Comput. Phys. Commun.",
      volume         = "185",
      year           = "2014",
      pages          = "2250-2300",
      doi            = "10.1016/j.cpc.2014.04.012",
      eprint         = "1310.1921",
      archivePrefix  = "arXiv",
      primaryClass   = "hep-ph",
      reportNumber   = "CERN-PH-TH-2013-239, MCNET-13-14, IPPP-13-71,
                        DCPT-13-142, --PITT-PACC-1308",
      SLACcitation   = "%%CITATION = ARXIV:1310.1921;%%"
}

@article{Degrande:2011ua,
      author         = "Degrande, Celine and Duhr, Claude and Fuks, Benjamin and
                        Grellscheid, David and Mattelaer, Olivier and Reiter,
                        Thomas",
      title          = "{UFO - The Universal FeynRules Output}",
      journal        = "Comput. Phys. Commun.",
      volume         = "183",
      year           = "2012",
      pages          = "1201-1214",
      doi            = "10.1016/j.cpc.2012.01.022",
      eprint         = "1108.2040",
      archivePrefix  = "arXiv",
      primaryClass   = "hep-ph",
      reportNumber   = "CP3-11-25, IPHC-PHENO-11-04, IPPP-11-39, DCPT-11-78,
                        MPP-2011-68",
      SLACcitation   = "%%CITATION = ARXIV:1108.2040;%%"
}
%%%%%%%% recent pheno %%%%%%%%%%%%%%%%%%%
@article{Chen:2018dyq,
      author         = "Chen, Chuan-Ren and Lin, Yu-Xiang and Wu, Hsien-Chih and
                        Yue, Jason",
      title          = "{Boosted Higgs-pair production associated with large
                        $E_T^{miss}$: a signal of $Z^\prime$}",
      year           = "2018",
      eprint         = "1804.00405",
      archivePrefix  = "arXiv",
      primaryClass   = "hep-ph",
      SLACcitation   = "%%CITATION = ARXIV:1804.00405;%%"
}
@article{Goncalves:2018qas,
      author         = "Gon√ßalves, Dorival and Han, Tao and Kling, Felix and
                        Plehn, Tilman and Takeuchi, Michihisa",
      title          = "{Higgs Pair Production at Future Hadron Colliders: From
                        Kinematics to Dynamics}",
      year           = "2018",
      eprint         = "1802.04319",
      archivePrefix  = "arXiv",
      primaryClass   = "hep-ph",
      reportNumber   = "PITT-PACC-1802, UCI-TR-2018-1, IPMU-18-0028",
      SLACcitation   = "%%CITATION = ARXIV:1802.04319;%%"
}
@article{Kim:2018uty,
      author         = "Kim, Jeong Han and Sakaki, Yasuhito and Son, Minho",
      title          = "{Combined analysis of double Higgs production via gluon
                        fusion at the HL-LHC in the effective field theory
                        approach}",
      year           = "2018",
      eprint         = "1801.06093",
      archivePrefix  = "arXiv",
      primaryClass   = "hep-ph",
      SLACcitation   = "%%CITATION = ARXIV:1801.06093;%%"
}
@article{Liu-Sheng:2017pxk,
      author         = "Ling, Liu-Sheng and Zhang, Ren-You and Ma, Wen-Gan and
                        Li, Xiao-Zhou and Guo, Lei and Wang, Shao-Ming",
      title          = "{Dimension-six operators in Higgs boson pair production
                        via vector-boson fusion at the LHC}",
      journal        = "Phys. Rev.",
      volume         = "D96",
      year           = "2017",
      number         = "5",
      pages          = "055006",
      doi            = "10.1103/PhysRevD.96.055006",
      eprint         = "1708.04785",
      archivePrefix  = "arXiv",
      primaryClass   = "hep-ph",
      SLACcitation   = "%%CITATION = ARXIV:1708.04785;%%"
}
@article{Alves:2017ued,
      author         = "Alves, Alexandre and Ghosh, Tathagata and Sinha, Kuver",
      title          = "{Can We Discover Double Higgs Production at the LHC?}",
      journal        = "Phys. Rev.",
      volume         = "D96",
      year           = "2017",
      number         = "3",
      pages          = "035022",
      doi            = "10.1103/PhysRevD.96.035022",
      eprint         = "1704.07395",
      archivePrefix  = "arXiv",
      primaryClass   = "hep-ph",
      reportNumber   = "OSU-HEP-17-01",
      SLACcitation   = "%%CITATION = ARXIV:1704.07395;%%"
}
@article{DiVita:2017eyz,
      author         = "Di Vita, Stefano and Grojean, Christophe and Panico,
                        Giuliano and Riembau, Marc and Vantalon, Thibaud",
      title          = "{A global view on the Higgs self-coupling}",
      journal        = "JHEP",
      volume         = "09",
      year           = "2017",
      pages          = "069",
      doi            = "10.1007/JHEP09(2017)069",
      eprint         = "1704.01953",
      archivePrefix  = "arXiv",
      primaryClass   = "hep-ph",
      reportNumber   = "DESY-17-044",
      SLACcitation   = "%%CITATION = ARXIV:1704.01953;%%"
}
@article{Cao:2016zob,
      author         = "Cao, Qing-Hong and Li, Gang and Yan, Bin and Zhang,
                        Dong-Ming and Zhang, Hao",
      title          = "{Double Higgs production at the 14 TeV LHC and a
                        100 TeV $pp$ collider}",
      journal        = "Phys. Rev.",
      volume         = "D96",
      year           = "2017",
      number         = "9",
      pages          = "095031",
      doi            = "10.1103/PhysRevD.96.095031",
      eprint         = "1611.09336",
      archivePrefix  = "arXiv",
      primaryClass   = "hep-ph",
      SLACcitation   = "%%CITATION = ARXIV:1611.09336;%%"
}
@article{Kling:2016lay,
      author         = "Kling, Felix and Plehn, Tilman and Schichtel, Peter",
      title          = "{Maximizing the significance in Higgs boson pair
                        analyses}",
      journal        = "Phys. Rev.",
      volume         = "D95",
      year           = "2017",
      number         = "3",
      pages          = "035026",
      doi            = "10.1103/PhysRevD.95.035026",
      eprint         = "1607.07441",
      archivePrefix  = "arXiv",
      primaryClass   = "hep-ph",
      reportNumber   = "FERMILAB-PUB-16-267-T, IPPP-16-72, MCNET-16-28",
      SLACcitation   = "%%CITATION = ARXIV:1607.07441;%%"
}
@article{Behr:2015oqq,
      author         = "Behr, J. Katharina and Bortoletto, Daniela and Frost,
                        James A. and Hartland, Nathan P. and Issever, Cigdem and
                        Rojo, Juan",
      title          = "{Boosting Higgs pair production in the $b\bar{b}b\bar{b}$
                        final state with multivariate techniques}",
      journal        = "Eur. Phys. J.",
      volume         = "C76",
      year           = "2016",
      number         = "7",
      pages          = "386",
      doi            = "10.1140/epjc/s10052-016-4215-5",
      eprint         = "1512.08928",
      archivePrefix  = "arXiv",
      primaryClass   = "hep-ph",
      reportNumber   = "OUTP-15-14P",
      SLACcitation   = "%%CITATION = ARXIV:1512.08928;%%"
}
%%%%%%%%%%%%%%%%%%%%%%%%%%%%
@article{Cao:2015oaa,
      author         = "Cao, Qing-Hong and Yan, Bin and Zhang, Dong-Ming and
                        Zhang, Hao",
      title          = "{Resolving the Degeneracy in Single Higgs Production with
                        Higgs Pair Production}",
      journal        = "Phys. Lett.",
      volume         = "B752",
      year           = "2016",
      pages          = "285-290",
      doi            = "10.1016/j.physletb.2015.11.045",
      eprint         = "1508.06512",
      archivePrefix  = "arXiv",
      primaryClass   = "hep-ph",
      SLACcitation   = "%%CITATION = ARXIV:1508.06512;%%"
}
@article{Goertz:2014qta,
      author         = "Goertz, Florian and Papaefstathiou, Andreas and Yang, Li
                        Lin and Zurita, Jos{\'e}",
      title          = "{Higgs boson pair production in the D=6 extension of the
                        SM}",
      journal        = "JHEP",
      volume         = "04",
      year           = "2015",
      pages          = "167",
      doi            = "10.1007/JHEP04(2015)167",
      eprint         = "1410.3471",
      archivePrefix  = "arXiv",
      primaryClass   = "hep-ph",
      SLACcitation   = "%%CITATION = ARXIV:1410.3471;%%"
}
@article{deBlas:2018tjm,
      author         = "de Blas, Jorge and Eberhardt, Otto and Krause, Claudius",
      title          = "{Current and future constraints on Higgs couplings in the
                        nonlinear Effective Theory}",
      year           = "2018",
      eprint         = "1803.00939",
      archivePrefix  = "arXiv",
      primaryClass   = "hep-ph",
      reportNumber   = "IFIC-17-48, FTUV-18-0305, FERMILAB-PUB-18-058-T",
      SLACcitation   = "%%CITATION = ARXIV:1803.00939;%%"
}
@article{Grober:2017gut,
      author         = "Gr{\"o}ber, R. and M{\"u}hlleitner, M. and Spira, M.",
      title          = "{Higgs Pair Production at NLO QCD for CP-violating Higgs
                        Sectors}",
      journal        = "Nucl. Phys.",
      volume         = "B925",
      year           = "2017",
      pages          = "1-27",
      doi            = "10.1016/j.nuclphysb.2017.10.002",
      eprint         = "1705.05314",
      archivePrefix  = "arXiv",
      primaryClass   = "hep-ph",
      SLACcitation   = "%%CITATION = ARXIV:1705.05314;%%"
}
@article{Corbett:2017ieo,
      author         = "Corbett, Tyler and Joglekar, Aniket and Li, Hao-Lin and
                        Yu, Jiang-Hao",
      title          = "{Exploring Extended Scalar Sectors with Di-Higgs Signals:
                        A Higgs EFT Perspective}",
      journal        = "JHEP",
      volume         = "05",
      year           = "2018",
      pages          = "061",
      doi            = "10.1007/JHEP05(2018)061",
      eprint         = "1705.02551",
      archivePrefix  = "arXiv",
      primaryClass   = "hep-ph",
      reportNumber   = "ACFI-T17-10",
      SLACcitation   = "%%CITATION = ARXIV:1705.02551;%%"
}


@inproceedings{Brooijmans:2018xbu,
      author         = "Brooijmans, G. and others",
      title          = "{Les Houches 2017: Physics at TeV Colliders New Physics
                        Working Group Report}",
      booktitle      = "{10th Les Houches Workshop on Physics at TeV Colliders
                        (PhysTeV 2017) Les Houches, France, June 5-23, 2017}",
      url            = "http://inspirehep.net/record/1664565/files/1803.10379.pdf",
      year           = "2018",
      eprint         = "1803.10379",
      archivePrefix  = "arXiv",
      primaryClass   = "hep-ph",
      reportNumber   = "FERMILAB-CONF-17-664-PPD",
      SLACcitation   = "%%CITATION = ARXIV:1803.10379;%%"
}

@article{Baglio:2012np,
      author         = "Baglio, J. and Djouadi, A. and Gr√∂ber, R. and
                        M√ºhlleitner, M. M. and Quevillon, J. and Spira, M.",
      title          = "{The measurement of the Higgs self-coupling at the LHC:
                        theoretical status}",
      journal        = "JHEP",
      volume         = "04",
      year           = "2013",
      pages          = "151",
      doi            = "10.1007/JHEP04(2013)151",
      eprint         = "1212.5581",
      archivePrefix  = "arXiv",
      primaryClass   = "hep-ph",
      reportNumber   = "KA-TP-44-2012, SFB-CPP-12-102, LPT-ORSAY-12-124,
                        PSI-PR-12-10",
      SLACcitation   = "%%CITATION = ARXIV:1212.5581;%%"
}
%%%%%%%%%%%%%%%%%% SMEFT %%%%%%%%%%%%%%%%%%%%%%%%%%
@article{Berthier:2015oma,
      author         = "Berthier, Laure and Trott, Michael",
      title          = "{Towards consistent Electroweak Precision Data
                        constraints in the SMEFT}",
      journal        = "JHEP",
      volume         = "05",
      year           = "2015",
      pages          = "024",
      doi            = "10.1007/JHEP05(2015)024",
      eprint         = "1502.02570",
      archivePrefix  = "arXiv",
      primaryClass   = "hep-ph",
      SLACcitation   = "%%CITATION = ARXIV:1502.02570;%%"
}
@article{Ghezzi:2015vva,
      author         = "Ghezzi, Margherita and Gomez-Ambrosio, Raquel and
                        Passarino, Giampiero and Uccirati, Sandro",
      title          = "{NLO Higgs effective field theory and Œ∫-framework}",
      journal        = "JHEP",
      volume         = "07",
      year           = "2015",
      pages          = "175",
      doi            = "10.1007/JHEP07(2015)175",
      eprint         = "1505.03706",
      archivePrefix  = "arXiv",
      primaryClass   = "hep-ph",
      SLACcitation   = "%%CITATION = ARXIV:1505.03706;%%"
}
@article{deBlas:2016ojx,
      author         = "de Blas, Jorge and Ciuchini, Marco and Franco, Enrico and
                        Mishima, Satoshi and Pierini, Maurizio and Reina, Laura
                        and Silvestrini, Luca",
      title          = "{Electroweak precision observables and Higgs-boson signal
                        strengths in the Standard Model and beyond: present and
                        future}",
      journal        = "JHEP",
      volume         = "12",
      year           = "2016",
      pages          = "135",
      doi            = "10.1007/JHEP12(2016)135",
      eprint         = "1608.01509",
      archivePrefix  = "arXiv",
      primaryClass   = "hep-ph",
      reportNumber   = "KEK-TH-1919",
      SLACcitation   = "%%CITATION = ARXIV:1608.01509;%%"
}
@article{Brivio:2017bnu,
      author         = "Brivio, Ilaria and Trott, Michael",
      title          = "{Scheming in the SMEFT... and a reparameterization
                        invariance!}",
      journal        = "JHEP",
      volume         = "07",
      year           = "2017",
      pages          = "148",
      doi            = "10.1007/JHEP07(2017)148",
      eprint         = "1701.06424",
      archivePrefix  = "arXiv",
      primaryClass   = "hep-ph",
      SLACcitation   = "%%CITATION = ARXIV:1701.06424;%%"
}
@article{Ellis:2018gqa,
      author         = "Ellis, John and Murphy, Christopher W. and Sanz,
                        Veronica and You, Tevong",
      title          = "{Updated Global SMEFT Fit to Higgs, Diboson and
                        Electroweak Data}",
      year           = "2018",
      eprint         = "1803.03252",
      archivePrefix  = "arXiv",
      primaryClass   = "hep-ph",
      SLACcitation   = "%%CITATION = ARXIV:1803.03252;%%"
}
%%%%%%%%%%% non-linear EFT %%%%%%%%%%
@article{Alonso:2012px,
      author         = "Alonso, R. and Gavela, M. B. and Merlo, L. and Rigolin,
                        S. and Yepes, J.",
      title          = "{The Effective Chiral Lagrangian for a Light Dynamical
                        "Higgs Particle"}",
      journal        = "Phys. Lett.",
      volume         = "B722",
      year           = "2013",
      pages          = "330-335",
      doi            = "10.1016/j.physletb.2013.04.037,
                        10.1016/j.physletb.2013.09.028",
      note           = "[Erratum: Phys. Lett.B726,926(2013)]",
      eprint         = "1212.3305",
      archivePrefix  = "arXiv",
      primaryClass   = "hep-ph",
      reportNumber   = "FTUAM-12-115, IFT-UAM-CSIC-12-113, CERN-PH-TH-2012-335,
                        DFPD-2012-TH-23",
      SLACcitation   = "%%CITATION = ARXIV:1212.3305;%%"
}
@article{Buchalla:2013rka,
      author         = "Buchalla, Gerhard and Cat√†, Oscar and Krause, Claudius",
      title          = "{Complete Electroweak Chiral Lagrangian with a Light
                        Higgs at NLO}",
      journal        = "Nucl. Phys.",
      volume         = "B880",
      year           = "2014",
      pages          = "552-573",
      doi            = "10.1016/j.nuclphysb.2016.09.010,
                        10.1016/j.nuclphysb.2014.01.018",
      note           = "[Erratum: Nucl. Phys.B913,475(2016)]",
      eprint         = "1307.5017",
      archivePrefix  = "arXiv",
      primaryClass   = "hep-ph",
      reportNumber   = "LMU-ASC-42-13, LMU-ASC~42-13",
      SLACcitation   = "%%CITATION = ARXIV:1307.5017;%%"
}
@article{Brivio:2013pma,
      author         = "Brivio, I. and Corbett, T. and √âboli, O. J. P. and
                        Gavela, M. B. and Gonzalez-Fraile, J. and Gonzalez-Garcia,
                        M. C. and Merlo, L. and Rigolin, S.",
      title          = "{Disentangling a dynamical Higgs}",
      journal        = "JHEP",
      volume         = "03",
      year           = "2014",
      pages          = "024",
      doi            = "10.1007/JHEP03(2014)024",
      eprint         = "1311.1823",
      archivePrefix  = "arXiv",
      primaryClass   = "hep-ph",
      reportNumber   = "FTUAM-13-32, IFT-UAM-CSIC-13-119, YITP-SB-13-33,
                        DFPD-2013-TH-20",
      SLACcitation   = "%%CITATION = ARXIV:1311.1823;%%"
}
@article{Delgado:2013hxa,
      author         = "Delgado, Rafael L. and Dobado, Antonio and
                        Llanes-Estrada, Felipe J.",
      title          = "{One-loop $W_LW_L$ and $Z_LZ_L$ scattering from the
                        electroweak Chiral Lagrangian with a light Higgs-like
                        scalar}",
      journal        = "JHEP",
      volume         = "02",
      year           = "2014",
      pages          = "121",
      doi            = "10.1007/JHEP02(2014)121",
      eprint         = "1311.5993",
      archivePrefix  = "arXiv",
      primaryClass   = "hep-ph",
      SLACcitation   = "%%CITATION = ARXIV:1311.5993;%%"
}
@article{Gavela:2014vra,
      author         = "Gavela, M. B. and Gonzalez-Fraile, J. and
                        Gonzalez-Garcia, M. C. and Merlo, L. and Rigolin, S. and
                        Yepes, J.",
      title          = "{CP violation with a dynamical Higgs}",
      journal        = "JHEP",
      volume         = "10",
      year           = "2014",
      pages          = "044",
      doi            = "10.1007/JHEP10(2014)044",
      eprint         = "1406.6367",
      archivePrefix  = "arXiv",
      primaryClass   = "hep-ph",
      reportNumber   = "FTUAM-14-22, IFT-UAM-CSIC-14-056, YITP-SB-14-17,
                        DFPD-2014-TH-13",
      SLACcitation   = "%%CITATION = ARXIV:1406.6367;%%"
}
@article{Einhorn:2013tja,
      author         = "Einhorn, Martin B. and Wudka, Jose",
      title          = "{Higgs-Boson Couplings Beyond the Standard Model}",
      journal        = "Nucl. Phys.",
      volume         = "B877",
      year           = "2013",
      pages          = "792-806",
      doi            = "10.1016/j.nuclphysb.2013.11.004",
      eprint         = "1308.2255",
      archivePrefix  = "arXiv",
      primaryClass   = "hep-ph",
      reportNumber   = "MCTP-13-23-NSF-KITP-13-145-MCTP-13-23, NSF-KITP-13-145,
                        UCRHEP-T532",
      SLACcitation   = "%%CITATION = ARXIV:1308.2255;%%"
}
@article{Einhorn:2013kja,
      author         = "Einhorn, Martin B. and Wudka, Jose",
      title          = "{The Bases of Effective Field Theories}",
      journal        = "Nucl. Phys.",
      volume         = "B876",
      year           = "2013",
      pages          = "556-574",
      doi            = "10.1016/j.nuclphysb.2013.08.023",
      eprint         = "1307.0478",
      archivePrefix  = "arXiv",
      primaryClass   = "hep-ph",
      reportNumber   = "UCRHEP-T529, NSF-ITP-13-115, MCTP-13-18",
      SLACcitation   = "%%CITATION = ARXIV:1307.0478;%%"
}
@article{Buckley:2014ana,
      author         = "Buckley, Andy and Ferrando, James and Lloyd, Stephen and
                        Nordstr{\"o}m, Karl and Page, Ben and R{\"u}fenacht, Martin and
                        Sch{\"o}nherr, Marek and Watt, Graeme",
      title          = "{LHAPDF6: parton density access in the LHC precision
                        era}",
      journal        = "Eur. Phys. J.",
      volume         = "C75",
      year           = "2015",
      pages          = "132",
      doi            = "10.1140/epjc/s10052-015-3318-8",
      eprint         = "1412.7420",
      archivePrefix  = "arXiv",
      primaryClass   = "hep-ph",
      reportNumber   = "GLAS-PPE-2014-05, MCNET-14-29, IPPP-14-111, DCPT-14-222",
      SLACcitation   = "%%CITATION = ARXIV:1412.7420;%%"
}
@article{Deutschmann:2017qum,
      author         = "Deutschmann, Nicolas and Duhr, Claude and Maltoni, Fabio
                        and Vryonidou, Eleni",
      title          = "{Gluon-fusion Higgs production in the Standard Model
                        Effective Field Theory}",
      journal        = "JHEP",
      volume         = "12",
      year           = "2017",
      pages          = "063",
      doi            = "10.1007/JHEP12(2017)063, 10.1007/JHEP02(2018)159",
      note           = "[Erratum: JHEP02,159(2018)]",
      eprint         = "1708.00460",
      archivePrefix  = "arXiv",
      primaryClass   = "hep-ph",
      reportNumber   = "CP3-17-24, CERN-TH-2017-165, NIKHEF-2017-035",
      SLACcitation   = "%%CITATION = ARXIV:1708.00460;%%"
}
@article{Feruglio:1992wf,
      author         = "Feruglio, F.",
      title          = "{The Chiral approach to the electroweak interactions}",
      booktitle      = "{International Conference on Mossbauer Effect Vancouver,
                        British Columbia, Canada, September 1-3, 1993}",
      journal        = "Int. J. Mod. Phys.",
      volume         = "A8",
      year           = "1993",
      pages          = "4937-4972",
      doi            = "10.1142/S0217751X93001946",
      eprint         = "hep-ph/9301281",
      archivePrefix  = "arXiv",
      primaryClass   = "hep-ph",
      reportNumber   = "DFPD-92-TH-50",
      SLACcitation   = "%%CITATION = HEP-PH/9301281;%%"
}

@article{Bagger:1993zf,
      author         = "Bagger, J. and Barger, Vernon D. and Cheung, King-man and
                        Gunion, John F. and Han, Tao and Ladinsky, G. A. and
                        Rosenfeld, R. and Yuan, C. P.",
      title          = "{The Strongly interacting W W system: Gold plated modes}",
      journal        = "Phys. Rev.",
      volume         = "D49",
      year           = "1994",
      pages          = "1246-1264",
      doi            = "10.1103/PhysRevD.49.1246",
      eprint         = "hep-ph/9306256",
      archivePrefix  = "arXiv",
      primaryClass   = "hep-ph",
      reportNumber   = "FERMILAB-PUB-93-040-T, JHU-TIPAC-930008, MAD-PH-747,
                        MSUHEP-93-05, NUB-3060-93-TH, NUHEP-TH-93-13, UCD-93-5",
      SLACcitation   = "%%CITATION = HEP-PH/9306256;%%"
}

@article{Koulovassilopoulos:1993pw,
      author         = "Koulovassilopoulos, Vassilis and Chivukula, R. Sekhar",
      title          = "{The Phenomenology of a nonstandard Higgs boson in W(L)
                        W(L) scattering}",
      journal        = "Phys. Rev.",
      volume         = "D50",
      year           = "1994",
      pages          = "3218-3234",
      doi            = "10.1103/PhysRevD.50.3218",
      eprint         = "hep-ph/9312317",
      archivePrefix  = "arXiv",
      primaryClass   = "hep-ph",
      reportNumber   = "BUHEP-93-30",
      SLACcitation   = "%%CITATION = HEP-PH/9312317;%%"
}

@article{Burgess:1999ha,
      author         = "Burgess, C. P. and Matias, J. and Pospelov, M.",
      title          = "{A Higgs or not a Higgs? What to do if you discover a new
                        scalar particle}",
      journal        = "Int. J. Mod. Phys.",
      volume         = "A17",
      year           = "2002",
      pages          = "1841-1918",
      doi            = "10.1142/S0217751X02009813",
      eprint         = "hep-ph/9912459",
      archivePrefix  = "arXiv",
      primaryClass   = "hep-ph",
      reportNumber   = "CERN-TH-99-311, MCGILL-99-33, TPI-MINN-99-53,
                        UMN-TH-1828-99",
      SLACcitation   = "%%CITATION = HEP-PH/9912459;%%"
}

@article{Wang:2006im,
      author         = "Wang, Li-Ming and Wang, Qing",
      title          = "{Electroweak chiral Lagrangian for neutral Higgs boson}",
      journal        = "Chin. Phys. Lett.",
      volume         = "25",
      year           = "2008",
      pages          = "1984",
      doi            = "10.1088/0256-307X/25/6/017",
      eprint         = "hep-ph/0605104",
      archivePrefix  = "arXiv",
      primaryClass   = "hep-ph",
      SLACcitation   = "%%CITATION = HEP-PH/0605104;%%"
}

@article{Grinstein:2007iv,
      author         = "Grinstein, Benjamin and Trott, Michael",
      title          = "{A Higgs-Higgs bound state due to new physics at a TeV}",
      journal        = "Phys. Rev.",
      volume         = "D76",
      year           = "2007",
      pages          = "073002",
      doi            = "10.1103/PhysRevD.76.073002",
      eprint         = "0704.1505",
      archivePrefix  = "arXiv",
      primaryClass   = "hep-ph",
      reportNumber   = "UCSD-PTH-07-03",
      SLACcitation   = "%%CITATION = ARXIV:0704.1505;%%"
}

@article{Contino:2010mh,
      author         = "Contino, Roberto and Grojean, Christophe and Moretti,
                        Mauro and Piccinini, Fulvio and Rattazzi, Riccardo",
      title          = "{Strong Double Higgs Production at the LHC}",
      journal        = "JHEP",
      volume         = "05",
      year           = "2010",
      pages          = "089",
      doi            = "10.1007/JHEP05(2010)089",
      eprint         = "1002.1011",
      archivePrefix  = "arXiv",
      primaryClass   = "hep-ph",
      reportNumber   = "CERN-PH-TH-2009-036",
      SLACcitation   = "%%CITATION = ARXIV:1002.1011;%%"
}

@inproceedings{Contino:2010rs,
      author         = "Contino, Roberto",
      title          = "{The Higgs as a Composite Nambu-Goldstone Boson}",
      booktitle      = "{Physics of the large and the small, TASI 09, proceedings
                        of the Theoretical Advanced Study Institute in Elementary
                        Particle Physics, Boulder, Colorado, USA, 1-26 June 2009}",
      year           = "2011",
      url            = "http://inspirehep.net/record/856065/files/arXiv:1005.4269.pdf",
      pages          = "235-306",
      doi            = "10.1142/9789814327183_0005",
      eprint         = "1005.4269",
      archivePrefix  = "arXiv",
      primaryClass   = "hep-ph",
      SLACcitation   = "%%CITATION = ARXIV:1005.4269;%%"
}

@article{Buchmuller:1985jz,
      author         = "Buchm{\"u}ller, W. and Wyler, D.",
      title          = "{Effective Lagrangian Analysis of New Interactions and
                        Flavor Conservation}",
      journal        = "Nucl. Phys.",
      volume         = "B268",
      year           = "1986",
      pages          = "621-653",
      doi            = "10.1016/0550-3213(86)90262-2",
      reportNumber   = "CERN-TH-4254/85",
      SLACcitation   = "%%CITATION = NUPHA,B268,621;%%"
}

@article{Grzadkowski:2010es,
      author         = "Grzadkowski, B. and Iskrzynski, M. and Misiak, M. and
                        Rosiek, J.",
      title          = "{Dimension-Six Terms in the Standard Model Lagrangian}",
      journal        = "JHEP",
      volume         = "10",
      year           = "2010",
      pages          = "085",
      doi            = "10.1007/JHEP10(2010)085",
      eprint         = "1008.4884",
      archivePrefix  = "arXiv",
      primaryClass   = "hep-ph",
      reportNumber   = "IFT-9-2010, TTP10-35",
      SLACcitation   = "%%CITATION = ARXIV:1008.4884;%%"
}
@article{Pierce:2006dh,
      author         = "Pierce, Aaron and Thaler, Jesse and Wang, Lian-Tao",
      title          = "{Disentangling Dimension Six Operators through Di-Higgs
                        Boson Production}",
      journal        = "JHEP",
      volume         = "05",
      year           = "2007",
      pages          = "070",
      doi            = "10.1088/1126-6708/2007/05/070",
      eprint         = "hep-ph/0609049",
      archivePrefix  = "arXiv",
      primaryClass   = "hep-ph",
      reportNumber   = "HUTP-06-A0037",
      SLACcitation   = "%%CITATION = HEP-PH/0609049;%%"
}
@article{Dawson:2012mk,
      author         = "Dawson, Sally and Furlan, Elisabetta and Lewis, Ian",
      title          = "{Unravelling an extended quark sector through multiple
                        Higgs production?}",
      journal        = "Phys. Rev.",
      volume         = "D87",
      year           = "2013",
      number         = "1",
      pages          = "014007",
      doi            = "10.1103/PhysRevD.87.014007",
      eprint         = "1210.6663",
      archivePrefix  = "arXiv",
      primaryClass   = "hep-ph",
      SLACcitation   = "%%CITATION = ARXIV:1210.6663;%%"
}
@article{Dolan:2012rv,
      author         = "Dolan, Matthew J. and Englert, Christoph and Spannowsky,
                        Michael",
      title          = "{Higgs self-coupling measurements at the LHC}",
      journal        = "JHEP",
      volume         = "10",
      year           = "2012",
      pages          = "112",
      doi            = "10.1007/JHEP10(2012)112",
      eprint         = "1206.5001",
      archivePrefix  = "arXiv",
      primaryClass   = "hep-ph",
      reportNumber   = "IPPP-12-43, DCPT-12-86",
      SLACcitation   = "%%CITATION = ARXIV:1206.5001;%%"
}
@article{Dolan:2015zja,
      author         = "Dolan, Matthew J. and Englert, Christoph and Greiner,
                        Nicolas and Nordstrom, Karl and Spannowsky, Michael",
      title          = "{$hhjj$ production at the LHC}",
      journal        = "Eur. Phys. J.",
      volume         = "C75",
      year           = "2015",
      number         = "8",
      pages          = "387",
      doi            = "10.1140/epjc/s10052-015-3622-3",
      eprint         = "1506.08008",
      archivePrefix  = "arXiv",
      primaryClass   = "hep-ph",
      reportNumber   = "DESY-15-097, IPPP-15-38, DCPT-15-76, SLAC-PUB-16316",
      SLACcitation   = "%%CITATION = ARXIV:1506.08008;%%"
}

@article{Barr:2014sga,
      author         = "Barr, Alan J. and Dolan, Matthew J. and Englert,
                        Christoph and Ferreira de Lima, Danilo Enoque and
                        Spannowsky, Michael",
      title          = "{Higgs Self-Coupling Measurements at a 100 TeV Hadron
                        Collider}",
      journal        = "JHEP",
      volume         = "02",
      year           = "2015",
      pages          = "016",
      doi            = "10.1007/JHEP02(2015)016",
      eprint         = "1412.7154",
      archivePrefix  = "arXiv",
      primaryClass   = "hep-ph",
      reportNumber   = "IPPP-14-110, DCPT-14-220, SLAC-PUB-16194",
      SLACcitation   = "%%CITATION = ARXIV:1412.7154;%%"
}

@article{Grober:2017uho,
      author         = "Gr{\"o}ber, Ramona and Maier, Andreas and Rauh, Thomas",
      title          = "{Reconstruction of top-quark mass effects in Higgs pair
                        production and other gluon-fusion processes}",
      journal        = "JHEP",
      volume         = "03",
      year           = "2018",
      pages          = "020",
      doi            = "10.1007/JHEP03(2018)020",
      eprint         = "1709.07799",
      archivePrefix  = "arXiv",
      primaryClass   = "hep-ph",
      reportNumber   = "IPPP-17-70",
      SLACcitation   = "%%CITATION = ARXIV:1709.07799;%%"
}
@article{Davies:2018ood,
      author         = "Davies, Joshua and Mishima, Go and Steinhauser, Matthias
                        and Wellmann, David",
      title          = "{Double-Higgs boson production in the high-energy limit:
                        planar master integrals}",
      journal        = "JHEP",
      volume         = "03",
      year           = "2018",
      pages          = "048",
      doi            = "10.1007/JHEP03(2018)048",
      eprint         = "1801.09696",
      archivePrefix  = "arXiv",
      primaryClass   = "hep-ph",
      reportNumber   = "TTP18-009",
      SLACcitation   = "%%CITATION = ARXIV:1801.09696;%%"
}
@article{Aad:2015gba,
      author         = "Aad, Georges and others",
      title          = "{Measurements of the Higgs boson production and decay
                        rates and coupling strengths using pp collision data at
                        $\sqrt{s}=7$ and 8 TeV in the ATLAS experiment}",
      collaboration  = "ATLAS",
      journal        = "Eur. Phys. J.",
      volume         = "C76",
      year           = "2016",
      number         = "1",
      pages          = "6",
      doi            = "10.1140/epjc/s10052-015-3769-y",
      eprint         = "1507.04548",
      archivePrefix  = "arXiv",
      primaryClass   = "hep-ex",
      reportNumber   = "CERN-PH-EP-2015-125",
      SLACcitation   = "%%CITATION = ARXIV:1507.04548;%%"
}
@article{Sirunyan:2018hoz,
      author         = "Sirunyan, Albert M and others",
      title          = "{Observation of $\mathrm{t\overline{t}}$H production}",
      collaboration  = "CMS",
      journal        = "Phys. Rev. Lett.",
      volume         = "120",
      year           = "2018",
      number         = "23",
      pages          = "231801",
      doi            = "10.1103/PhysRevLett.120.231801",
      eprint         = "1804.02610",
      archivePrefix  = "arXiv",
      primaryClass   = "hep-ex",
      reportNumber   = "CMS-HIG-17-035, CERN-EP-2018-064, CMS-HIG-17-035,
                        CERN-EP-2018-064",
      SLACcitation   = "%%CITATION = ARXIV:1804.02610;%%"
}
@article{Aaboud:2018urx,
      author         = "Aaboud, Morad and others",
      title          = "{Observation of Higgs boson production in association
                        with a top quark pair at the LHC with the ATLAS detector}",
      collaboration  = "ATLAS",
      doi            = "10.1016/j.physletb.2018.07.035",
      year           = "2018",
      eprint         = "1806.00425",
      archivePrefix  = "arXiv",
      primaryClass   = "hep-ex",
      reportNumber   = "CERN-EP-2018-138, CERN-EP-2018-138",
      SLACcitation   = "%%CITATION = ARXIV:1806.00425;%%"
}
@techreport{CMS-PAS-HIG-17-031,
      title         = "{Combined measurements of the Higgs boson's couplings at
                       $\sqrt{s}=13$ TeV}",
      institution   = "CERN",
      collaboration = "CMS",
      address       = "Geneva",
      number        = "CMS-PAS-HIG-17-031",
      year          = "2018",
      reportNumber  = "CMS-PAS-HIG-17-031",
      url           = "https://cds.cern.ch/record/2308127",
}
@article{Khachatryan:2016vau,
      author         = "Aad, Georges and others",
      title          = "{Measurements of the Higgs boson production and decay
                        rates and constraints on its couplings from a combined
                        ATLAS and CMS analysis of the LHC pp collision data at $
                        \sqrt{s}=7 $ and 8 TeV}",
      collaboration  = "ATLAS, CMS",
      journal        = "JHEP",
      volume         = "08",
      year           = "2016",
      pages          = "045",
      doi            = "10.1007/JHEP08(2016)045",
      eprint         = "1606.02266",
      archivePrefix  = "arXiv",
      primaryClass   = "hep-ex",
      reportNumber   = "CERN-EP-2016-100, ATLAS-HIGG-2015-07, CMS-HIG-15-002",
      SLACcitation   = "%%CITATION = ARXIV:1606.02266;%%"
}
@techreport{CMS-PAS-HIG-17-008,
      title         = "{Search for Higgs boson pair production in the final state
                       containing two photons and two bottom quarks in
                       proton-proton collisions at $\sqrt{s}=13~\mathrm{TeV}$}",
      institution   = "CERN",
      collaboration = "CMS",
      address       = "Geneva",
      number        = "CMS-PAS-HIG-17-008",
      year          = "2017",
      reportNumber  = "CMS-PAS-HIG-17-008",
      url           = "https://cds.cern.ch/record/2273383",
}
@article{Sirunyan:2018iwt,
      author         = "Sirunyan, Albert M and others",
      title          = "{Search for Higgs boson pair production in the
                        $\gamma\gamma\mathrm{b\overline{b}}$ final state in pp
                        collisions at $\sqrt{s}=$ 13 TeV}",
      collaboration  = "CMS",
      year           = "2018",
      eprint         = "1806.00408",
      archivePrefix  = "arXiv",
      primaryClass   = "hep-ex",
      reportNumber   = "CMS-HIG-17-008, CERN-EP-2017-343, CMS-HIG-17-008,
                        CERN-EP-2017-343",
      SLACcitation   = "%%CITATION = ARXIV:1806.00408;%%"
}
@article{Aaboud:2018knk,
      author         = "Aaboud, Morad and others",
      title          = "{Search for pair production of Higgs bosons in the
                        $b\bar{b}b\bar{b}$ final state using proton-proton
                        collisions at $\sqrt{s} = 13$ TeV with the ATLAS
                        detector}",
      collaboration  = "ATLAS",
      year           = "2018",
      eprint         = "1804.06174",
      archivePrefix  = "arXiv",
      primaryClass   = "hep-ex",
      reportNumber   = "CERN-EP-2018-029, CERN-EP-2018-029",
      SLACcitation   = "%%CITATION = ARXIV:1804.06174;%%"
}
@article{Arzt:1994gp,
      author         = "Arzt, C. and Einhorn, M. B. and Wudka, J.",
      title          = "{Patterns of deviation from the standard model}",
      journal        = "Nucl. Phys.",
      volume         = "B433",
      year           = "1995",
      pages          = "41-66",
      doi            = "10.1016/0550-3213(94)00336-D",
      eprint         = "hep-ph/9405214",
      archivePrefix  = "arXiv",
      primaryClass   = "hep-ph",
      reportNumber   = "UM-TH-94-15, UCRHEP-125, CALT-68-1932",
      SLACcitation   = "%%CITATION = HEP-PH/9405214;%%"
}
@article{Buchalla:2016sop,
      author         = "Buchalla, G. and Cata, O. and Celis, A. and Krause, C.",
      title          = "{Comment on "Analysis of General Power Counting Rules in
                        Effective Field Theory"}",
      year           = "2016",
      eprint         = "1603.03062",
      archivePrefix  = "arXiv",
      primaryClass   = "hep-ph",
      reportNumber   = "LMU-ASC-10-16",
      SLACcitation   = "%%CITATION = ARXIV:1603.03062;%%"
}
@article{Manohar:1983md,
      author         = "Manohar, Aneesh and Georgi, Howard",
      title          = "{Chiral Quarks and the Nonrelativistic Quark Model}",
      journal        = "Nucl. Phys.",
      volume         = "B234",
      year           = "1984",
      pages          = "189-212",
      doi            = "10.1016/0550-3213(84)90231-1",
      reportNumber   = "HUTP-83/A042a",
      SLACcitation   = "%%CITATION = NUPHA,B234,189;%%"
}
@article{deBlas:2017wmn,
      author         = "de Blas, Jorge and Ciuchini, Marco and Franco, Enrico and
                        Mishima, Satoshi and Pierini, Maurizio and Reina, Laura
                        and Silvestrini, Luca",
      title          = "{The Global Electroweak and Higgs Fits in the LHC era}",
      booktitle      = "{Proceedings, 2017 European Physical Society Conference
                        on High Energy Physics (EPS-HEP 2017): Venice, Italy, July
                        5-12, 2017}",
      journal        = "PoS",
      volume         = "EPS-HEP2017",
      year           = "2017",
      pages          = "467",
      doi            = "10.22323/1.314.0467",
      eprint         = "1710.05402",
      archivePrefix  = "arXiv",
      primaryClass   = "hep-ph",
      SLACcitation   = "%%CITATION = ARXIV:1710.05402;%%"
}
@article{Adhikary:2017jtu,
      author         = "Adhikary, Amit and Banerjee, Shankha and Barman, Rahool
                        Kumar and Bhattacherjee, Biplob and Niyogi, Saurabh",
      title          = "{Revisiting the non-resonant Higgs pair production at the
                        HL-LHC}",
      journal        = "Physics",
      volume         = "2018",
      year           = "2018",
      pages          = "116",
      doi            = "10.1007/JHEP07(2018)116",
      eprint         = "1712.05346",
      archivePrefix  = "arXiv",
      primaryClass   = "hep-ph",
      reportNumber   = "LAPTH-062-17, IPPP-17-100",
      SLACcitation   = "%%CITATION = ARXIV:1712.05346;%%"
}

@article{Maltoni:2016yxb,
      author         = "Maltoni, Fabio and Vryonidou, Eleni and Zhang, Cen",
      title          = "{Higgs production in association with a top-antitop pair
                        in the Standard Model Effective Field Theory at NLO in
                        QCD}",
      journal        = "JHEP",
      volume         = "10",
      year           = "2016",
      pages          = "123",
      doi            = "10.1007/JHEP10(2016)123",
      eprint         = "1607.05330",
      archivePrefix  = "arXiv",
      primaryClass   = "hep-ph",
      reportNumber   = "CP3-16-39, MCNET-16-29",
      SLACcitation   = "%%CITATION = ARXIV:1607.05330;%%"
}
@article{Aaboud:2018ftw,
      author         = "Aaboud, Morad and others",
      title          = "{Search for Higgs boson pair production in the
                        $\gamma\gamma b\bar{b}$ final state with 13 TeV $pp$
                        collision data collected by the ATLAS experiment}",
      collaboration  = "ATLAS",
      year           = "2018",
      eprint         = "1807.04873",
      archivePrefix  = "arXiv",
      primaryClass   = "hep-ex",
      reportNumber   = "CERN-EP-2018-130",
      SLACcitation   = "%%CITATION = ARXIV:1807.04873;%%"
}
@article{CMS:2018obr,
      author         = "CMS Collaboration",
      title          = "{Combination of searches for Higgs boson pair production
                        in proton-proton collisions at $\sqrt{s} =
                        13~\mathrm{TeV}$}",
      collaboration  = "CMS",
      year           = "2018",
      reportNumber   = "CMS-PAS-HIG-17-030",
      SLACcitation   = "%%CITATION = CMS-PAS-HIG-17-030;%%"
}
@article{Buchalla:2018yce,
      author         = "Buchalla, G. and Capozi, M. and Celis, A. and Heinrich,
                        G. and Scyboz, L.",
      title          = "{Higgs boson pair production in non-linear Effective
                        Field Theory with full $m_t$-dependence at NLO QCD}",
      year           = "2018",
      eprint         = "1806.05162",
      archivePrefix  = "arXiv",
      primaryClass   = "hep-ph",
      reportNumber   = "LMU-ASC 34/18, MPP-2018-127, LMU-ASC-34-18, MPP-2018-127",
      SLACcitation   = "%%CITATION = ARXIV:1806.05162;%%"
}
@article{deBlas:2018tjm,
      author         = "de Blas, Jorge and Eberhardt, Otto and Krause, Claudius",
      title          = "{Current and Future Constraints on Higgs Couplings in the
                        Nonlinear Effective Theory}",
      journal        = "JHEP",
      volume         = "07",
      year           = "2018",
      pages          = "048",
      doi            = "10.1007/JHEP07(2018)048",
      eprint         = "1803.00939",
      archivePrefix  = "arXiv",
      primaryClass   = "hep-ph",
      reportNumber   = "IFIC-17-48, FTUV-18-0305, FERMILAB-PUB-18-058-T",
      SLACcitation   = "%%CITATION = ARXIV:1803.00939;%%"
}
@article{ATLAS:2018doi,
      author         = "The ATLAS collaboration",
      title          = "{Combined measurements of Higgs boson production and
                        decay using up to 80 fb$^{-1}$ of proton--proton collision
                        data at $\sqrt{s}=$ 13 TeV collected with the ATLAS
                        experiment}",
      collaboration  = "ATLAS",
      year           = "2018",
      reportNumber   = "ATLAS-CONF-2018-031",
      SLACcitation   = "%%CITATION = ATLAS-CONF-2018-031;%%"
}
@techreport{CMS-PAS-HIG-17-031,
      title         = "{Combined measurements of the Higgs boson's couplings at
                       $\sqrt{s}=13$ TeV}",
      institution   = "CERN",
      collaboration = "CMS Collaboration",
      address       = "Geneva",
      number        = "CMS-PAS-HIG-17-031",
      year          = "2018",
      reportNumber  = "CMS-PAS-HIG-17-031",
      url           = "https://cds.cern.ch/record/2308127",
}
@techreport{CMS-PAS-HIG-17-030,
      title         = "{Combination of searches for Higgs boson pair production
                       in proton-proton collisions at $\sqrt{s} =
                       13~\mathrm{TeV}$}",
      institution   = "CERN",
      collaboration = "CMS Collaboration",
      address       = "Geneva",
      number        = "CMS-PAS-HIG-17-030",
      year          = "2018",
      reportNumber  = "CMS-PAS-HIG-17-030",
      url           = "https://cds.cern.ch/record/2628486",
}
@techreport{ATLAS-CONF-2018-043,
      title         = "{Combination of searches for Higgs boson pairs in $pp$
                       collisions at 13 TeV with the ATLAS experiment.}",
      institution   = "CERN",
      collaboration = "ATLAS Collaboration",
      address       = "Geneva",
      number        = "ATLAS-CONF-2018-043",
      month         = "Sep",
      year          = "2018",
      reportNumber  = "ATLAS-CONF-2018-043",
      url           = "https://cds.cern.ch/record/2638212",
}

@article{Bauer:2015fxa,
      author         = "Bauer, Martin and Carena, Marcela and Gemmler, Katrin",
      title          = "{Flavor from the Electroweak Scale}",
      journal        = "JHEP",
      volume         = "11",
      year           = "2015",
      pages          = "016",
      doi            = "10.1007/JHEP11(2015)016",
      eprint         = "1506.01719",
      archivePrefix  = "arXiv",
      primaryClass   = "hep-ph",
      reportNumber   = "FERMILAB-PUB-15-251-T, EFI-15-19",
      SLACcitation   = "%%CITATION = ARXIV:1506.01719;%%"
}
@article{Bauer:2015kzy,
      author         = "Bauer, Martin and Carena, Marcela and Gemmler, Katrin",
      title          = "{Creating the fermion mass hierarchies with multiple
                        Higgs bosons}",
      journal        = "Phys. Rev.",
      volume         = "D94",
      year           = "2016",
      number         = "11",
      pages          = "115030",
      doi            = "10.1103/PhysRevD.94.115030",
      eprint         = "1512.03458",
      archivePrefix  = "arXiv",
      primaryClass   = "hep-ph",
      reportNumber   = "FERMILAB-PUB-15-537-T",
      SLACcitation   = "%%CITATION = ARXIV:1512.03458;%%"
}

@article{Bauer:2017cov,
      author         = "Bauer, Martin and Carena, Marcela and Carmona, Adri√°n",
      title          = "{Higgs Pair Production as a Signal of Enhanced Yukawa
                        Couplings}",
      journal        = "Phys. Rev. Lett.",
      volume         = "121",
      year           = "2018",
      number         = "2",
      pages          = "021801",
      doi            = "10.1103/PhysRevLett.121.021801",
      eprint         = "1801.00363",
      archivePrefix  = "arXiv",
      primaryClass   = "hep-ph",
      reportNumber   = "FERMILAB-PUB-17-613-T, MITP-17-106",
      SLACcitation   = "%%CITATION = ARXIV:1801.00363;%%"
}

@article{Boudjema:2001ii,
      author         = "Boudjema, F. and Semenov, A.",
      title          = "{Measurements of the SUSY Higgs selfcouplings and the
                        reconstruction of the Higgs potential}",
      journal        = "Phys. Rev.",
      volume         = "D66",
      year           = "2002",
      pages          = "095007",
      doi            = "10.1103/PhysRevD.66.095007",
      eprint         = "hep-ph/0201219",
      archivePrefix  = "arXiv",
      primaryClass   = "hep-ph",
      reportNumber   = "LAPTH-880-01",
      SLACcitation   = "%%CITATION = HEP-PH/0201219;%%"
}
@article{Gunion:2002zf,
      author         = "Gunion, John F. and Haber, Howard E.",
      title          = "{The CP conserving two Higgs doublet model: The Approach
                        to the decoupling limit}",
      journal        = "Phys. Rev.",
      volume         = "D67",
      year           = "2003",
      pages          = "075019",
      doi            = "10.1103/PhysRevD.67.075019",
      eprint         = "hep-ph/0207010",
      archivePrefix  = "arXiv",
      primaryClass   = "hep-ph",
      reportNumber   = "SCIPP-02-10",
      SLACcitation   = "%%CITATION = HEP-PH/0207010;%%"
}

@article{Graesser:2012qy,
      author         = "Graesser, Michael L. and Shelton, Jessie",
      title          = "{Hunting Mixed Top Squark Decays}",
      journal        = "Phys. Rev. Lett.",
      volume         = "111",
      year           = "2013",
      number         = "12",
      pages          = "121802",
      doi            = "10.1103/PhysRevLett.111.121802",
      eprint         = "1212.4495",
      archivePrefix  = "arXiv",
      primaryClass   = "hep-ph",
      reportNumber   = "LA-UR-12-26897",
      SLACcitation   = "%%CITATION = ARXIV:1212.4495;%%"
}


@article{Goncalves:2018qas,
      author         = "Gon√ßalves, Dorival and Han, Tao and Kling, Felix and
                        Plehn, Tilman and Takeuchi, Michihisa",
      title          = "{Higgs boson pair production at future hadron colliders:
                        From kinematics to dynamics}",
      journal        = "Phys. Rev.",
      volume         = "D97",
      year           = "2018",
      number         = "11",
      pages          = "113004",
      doi            = "10.1103/PhysRevD.97.113004",
      eprint         = "1802.04319",
      archivePrefix  = "arXiv",
      primaryClass   = "hep-ph",
      reportNumber   = "PITT-PACC-1802, UCI-TR-2018-1, IPMU-18-0028",
      SLACcitation   = "%%CITATION = ARXIV:1802.04319;%%"
}
@article{27TeV:ttbar,
      author      = "Alexander Mitov",
      title          = "{Top pair production at a future 27 TeV HE-LHC}",
      eprint = "HE/HL-LHC Workshop, CERN",
      year           = "2015",
      reportNumber   = "CMS-PAS-FTR-15-002",
      SLACcitation   = "%%CITATION = CMS-PAS-FTR-15-002;%%"
}


@article{Demartin:2014fia,
      author         = "Demartin, Federico and Maltoni, Fabio and Mawatari,
                        Kentarou and Page, Ben and Zaro, Marco",
      title          = "{Higgs characterisation at NLO in QCD: CP properties of
                        the top-quark Yukawa interaction}",
      journal        = "Eur. Phys. J.",
      volume         = "C74",
      year           = "2014",
      number         = "9",
      pages          = "3065",
      doi            = "10.1140/epjc/s10052-014-3065-2",
      eprint         = "1407.5089",
      archivePrefix  = "arXiv",
      primaryClass   = "hep-ph",
      reportNumber   = "CP3-14-59, LPN14-096, MCNET-14-21",
      SLACcitation   = "%%CITATION = ARXIV:1407.5089;%%"
}

@article{Grazzini:2018bsd,
      author         = "Grazzini, Massimiliano and Heinrich, Gudrun and Jones,
                        Stephen and Kallweit, Stefan and Kerner, Matthias and
                        Lindert, Jonas M. and Mazzitelli, Javier",
      title          = "{Higgs boson pair production at NNLO with top quark mass
                        effects}",
      journal        = "JHEP",
      volume         = "05",
      year           = "2018",
      pages          = "059",
      doi            = "10.1007/JHEP05(2018)059",
      eprint         = "1803.02463",
      archivePrefix  = "arXiv",
      primaryClass   = "hep-ph",
      reportNumber   = "CERN-TH-2018-044, IPPP/18/15, MPP-2018-30, ZU-TH 10/18,
                        IPPP-18-15, ZU-TH-10-18",
      SLACcitation   = "%%CITATION = ARXIV:1803.02463;%%"
}

@article{Kim:2018uty,
      author         = "Kim, Jeong Han and Sakaki, Yasuhito and Son, Minho",
      title          = "{Combined analysis of double Higgs production via gluon
                        fusion at the HL-LHC in the effective field theory
                        approach}",
      journal        = "Phys. Rev.",
      volume         = "D98",
      year           = "2018",
      number         = "1",
      pages          = "015016",
      doi            = "10.1103/PhysRevD.98.015016",
      eprint         = "1801.06093",
      archivePrefix  = "arXiv",
      primaryClass   = "hep-ph",
      SLACcitation   = "%%CITATION = ARXIV:1801.06093;%%"
}
@article{Kling:2016lay,
      author         = "Kling, Felix and Plehn, Tilman and Schichtel, Peter",
      title          = "{Maximizing the significance in Higgs boson pair
                        analyses}",
      journal        = "Phys. Rev.",
      volume         = "D95",
      year           = "2017",
      number         = "3",
      pages          = "035026",
      doi            = "10.1103/PhysRevD.95.035026",
      eprint         = "1607.07441",
      archivePrefix  = "arXiv",
      primaryClass   = "hep-ph",
      reportNumber   = "FERMILAB-PUB-16-267-T, IPPP-16-72, MCNET-16-28",
      SLACcitation   = "%%CITATION = ARXIV:1607.07441;%%"
}

@article{Sirunyan:2017ezt,
      author         = "Sirunyan, A. M. and others",
      title          = "{Identification of heavy-flavour jets with the CMS
                        detector in pp collisions at 13 TeV}",
      collaboration  = "CMS",
      journal        = "JINST",
      volume         = "13",
      year           = "2018",
      number         = "05",
      pages          = "P05011",
      doi            = "10.1088/1748-0221/13/05/P05011",
      eprint         = "1712.07158",
      archivePrefix  = "arXiv",
      primaryClass   = "physics.ins-det",
      reportNumber   = "CMS-BTV-16-002, CERN-EP-2017-326",
      SLACcitation   = "%%CITATION = ARXIV:1712.07158;%%"
}

@article{Aaboud:2018knk,
      author         = "Aaboud, Morad and others",
      title          = "{Search for pair production of Higgs bosons in the
                        $b\bar{b}b\bar{b}$ final state using proton-proton
                        collisions at $\sqrt{s} = 13$ TeV with the ATLAS
                        detector}",
      collaboration  = "ATLAS",
      year           = "2018",
      eprint         = "1804.06174",
      archivePrefix  = "arXiv",
      primaryClass   = "hep-ex",
      reportNumber   = "CERN-EP-2018-029",
      SLACcitation   = "%%CITATION = ARXIV:1804.06174;%%"
}


@article{Cho:2007qv,
      author         = "Cho, Won Sang and Choi, Kiwoon and Kim, Yeong Gyun and
                        Park, Chan Beom",
      title          = "{Gluino Stransverse Mass}",
      journal        = "Phys. Rev. Lett.",
      volume         = "100",
      year           = "2008",
      pages          = "171801",
      doi            = "10.1103/PhysRevLett.100.171801",
      eprint         = "0709.0288",
      archivePrefix  = "arXiv",
      primaryClass   = "hep-ph",
      SLACcitation   = "%%CITATION = ARXIV:0709.0288;%%"
}

@article{Konar:2009qr,
      author         = "Konar, Partha and Kong, Kyoungchul and Matchev,
                        Konstantin T. and Park, Myeonghun",
      title          = "{Dark Matter Particle Spectroscopy at the LHC:
                        Generalizing M(T2) to Asymmetric Event Topologies}",
      journal        = "JHEP",
      volume         = "04",
      year           = "2010",
      pages          = "086",
      doi            = "10.1007/JHEP04(2010)086",
      eprint         = "0911.4126",
      archivePrefix  = "arXiv",
      primaryClass   = "hep-ph",
      reportNumber   = "SLAC-PUB-14918",
      SLACcitation   = "%%CITATION = ARXIV:0911.4126;%%"
}
@article{Konar:2009wn,
      author         = "Konar, Partha and Kong, Kyoungchul and Matchev,
                        Konstantin T. and Park, Myeonghun",
      title          = "{Superpartner Mass Measurement Technique using 1D
                        Orthogonal Decompositions of the Cambridge Transverse Mass
                        Variable $M_{T2}$}",
      journal        = "Phys. Rev. Lett.",
      volume         = "105",
      year           = "2010",
      pages          = "051802",
      doi            = "10.1103/PhysRevLett.105.051802",
      eprint         = "0910.3679",
      archivePrefix  = "arXiv",
      primaryClass   = "hep-ph",
      reportNumber   = "SLAC-PUB-14933",
      SLACcitation   = "%%CITATION = ARXIV:0910.3679;%%"
}

@article{Debnath:2017ktz,
      author         = "Debnath, Dipsikha and Kim, Doojin and Kim, Jeong Han and
                        Kong, Kyoungchul and Matchev, Konstantin T.",
      title          = "{Resolving Combinatorial Ambiguities in Dilepton $t\bar
                        t$ Event Topologies with Constrained $M_2$ Variables}",
      journal        = "Phys. Rev.",
      volume         = "D96",
      year           = "2017",
      number         = "7",
      pages          = "076005",
      doi            = "10.1103/PhysRevD.96.076005",
      eprint         = "1706.04995",
      archivePrefix  = "arXiv",
      primaryClass   = "hep-ph",
      reportNumber   = "CERN-TH-2017-130",
      SLACcitation   = "%%CITATION = ARXIV:1706.04995;%%"
}

@article{ATL-PHYS-PUB-2017-001,
      title          = "{Study of the double Higgs production channel $H(\to b\bar b)H(\to\gamma\gamma)$ with the ATLAS experiment at the HL-LHC}",
      collaboration  = "ATLAS",
      year           = "2017",
      reportNumber   = "ATL-PHYS-PUB-2017-001",
      SLACcitation   = "%%CITATION = CMS-PAS-FTR-15-002;%%"
}
@article{ATL-PHYS-PUB-2016-024,
      title          = "{Projected sensitivity to non-resonant Higgs boson pair production in the $b\bar b b \bar b$ final state using proton-proton collisions at HL-LHC with the ATLAS detector}",
      collaboration  = "ATLAS",
      year           = "2016",
      reportNumber   = "ATL-PHYS-PUB-2016-024",
      SLACcitation   = "%%CITATION = CMS-PAS-FTR-15-002;%%"
}


@article{CMS:2015nat,
      title          = "{Higgs pair production at the High Luminosity LHC}",
      collaboration  = "CMS",
      year           = "2015",
      reportNumber   = "CMS-PAS-FTR-15-002",
      SLACcitation   = "%%CITATION = CMS-PAS-FTR-15-002;%%"
}

@article{CMS:2017cwx,
      title          = "{Projected performance of Higgs analyses at the HL-LHC
                        for ECFA 2016}",
      collaboration  = "CMS",
      year           = "2017",
      reportNumber   = "CMS-PAS-FTR-16-002",
      SLACcitation   = "%%CITATION = CMS-PAS-FTR-16-002;%%"
}

@article{Adhikary:2017jtu,
      author         = "Adhikary, Amit and Banerjee, Shankha and Barman, Rahool
                        Kumar and Bhattacherjee, Biplob and Niyogi, Saurabh",
      title          = "{Revisiting the non-resonant Higgs pair production at the
                        HL-LHC}",
      journal        = "JHEP",
      volume         = "07",
      year           = "2018",
      pages          = "116",
      doi            = "10.1007/JHEP07(2018)116",
      eprint         = "1712.05346",
      archivePrefix  = "arXiv",
      primaryClass   = "hep-ph",
      reportNumber   = "LAPTH-062-17, IPPP-17-100, LAPTH-062/17, IPPP/17/100",
      SLACcitation   = "%%CITATION = ARXIV:1712.05346;%%"
}

@article{Kim:2018cxf,
      author         = "Kim, Jeong Han and Kong, Kyoungchul and Matchev,
                        Konstantin T. and Park, Myeonghun",
      title          = "{Measuring the Triple Higgs Self-Interaction at the Large
                        Hadron Collider}",
      year           = "2018",
      eprint         = "1807.11498",
      archivePrefix  = "arXiv",
      primaryClass   = "hep-ph",
      SLACcitation   = "%%CITATION = ARXIV:1807.11498;%%"
}
@article{Cho:2012er,
      author         = "Cho, Won Sang and Kim, Doojin and Matchev, Konstantin T.
                        and Park, Myeonghun",
      title          = "{Probing Resonance Decays to Two Visible and Multiple
                        Invisible Particles}",
      journal        = "Phys. Rev. Lett.",
      volume         = "112",
      year           = "2014",
      number         = "21",
      pages          = "211801",
      doi            = "10.1103/PhysRevLett.112.211801",
      eprint         = "1206.1546",
      archivePrefix  = "arXiv",
      primaryClass   = "hep-ph",
      reportNumber   = "CERN-PH-TH-2012-160, UMD-PP-012-006",
      SLACcitation   = "%%CITATION = ARXIV:1206.1546;%%"
}
@article{Barr:2011xt,
      author         = "Barr, A. J. and Khoo, T. J. and Konar, P. and Kong, K.
                        and Lester, C. G. and Matchev, K. T. and Park, M.",
      title          = "{Guide to transverse projections and mass-constraining
                        variables}",
      journal        = "Phys. Rev.",
      volume         = "D84",
      year           = "2011",
      pages          = "095031",
      doi            = "10.1103/PhysRevD.84.095031",
      eprint         = "1105.2977",
      archivePrefix  = "arXiv",
      primaryClass   = "hep-ph",
      reportNumber   = "CAV-HEP-11-08",
      SLACcitation   = "%%CITATION = ARXIV:1105.2977;%%"
}
@article{Konar:2010ma,
      author         = "Konar, Partha and Kong, Kyoungchul and Matchev,
                        Konstantin T. and Park, Myeonghun",
      title          = "{RECO level $\sqrt{s}_{min}$ and subsystem $\sqrt{s}_{min}$:
                        Improved global inclusive variables for measuring the new
                        physics mass scale in $\cancel E_T$ events at hadron colliders}",
      journal        = "JHEP",
      volume         = "06",
      year           = "2011",
      pages          = "041",
      doi            = "10.1007/JHEP06(2011)041",
      eprint         = "1006.0653",
      archivePrefix  = "arXiv",
      primaryClass   = "hep-ph",
      reportNumber   = "SLAC-PUB-14136",
      SLACcitation   = "%%CITATION = ARXIV:1006.0653;%%"
}
@article{Konar:2008ei,
      author         = "Konar, Partha and Kong, Kyoungchul and Matchev,
                        Konstantin T.",
      title          = "{$\sqrt{\hat{s}}_{min}$ : A Global inclusive variable for
                        determining the mass scale of new physics in events with
                        missing energy at hadron colliders}",
      journal        = "JHEP",
      volume         = "03",
      year           = "2009",
      pages          = "085",
      doi            = "10.1088/1126-6708/2009/03/085",
      eprint         = "0812.1042",
      archivePrefix  = "arXiv",
      primaryClass   = "hep-ph",
      reportNumber   = "FERMILAB-PUB-08-536-T, UFIFT-HEP-08-18",
      SLACcitation   = "%%CITATION = ARXIV:0812.1042;%%"
}
@article{Burns:2008va,
      author         = "Burns, Michael and Kong, Kyoungchul and Matchev,
                        Konstantin T. and Park, Myeonghun",
      title          = "{Using Subsystem MT2 for Complete Mass Determinations in
                        Decay Chains with Missing Energy at Hadron Colliders}",
      journal        = "JHEP",
      volume         = "03",
      year           = "2009",
      pages          = "143",
      doi            = "10.1088/1126-6708/2009/03/143",
      eprint         = "0810.5576",
      archivePrefix  = "arXiv",
      primaryClass   = "hep-ph",
      reportNumber   = "UFIFT-HEP-08-16, FERMILAB-PUB-08-497-T",
      SLACcitation   = "%%CITATION = ARXIV:0810.5576;%%"
}
@article{Lester:1999tx,
      author         = "Lester, C. G. and Summers, D. J.",
      title          = "{Measuring masses of semiinvisibly decaying particles
                        pair produced at hadron colliders}",
      journal        = "Phys. Lett.",
      volume         = "B463",
      year           = "1999",
      pages          = "99-103",
      doi            = "10.1016/S0370-2693(99)00945-4",
      eprint         = "hep-ph/9906349",
      archivePrefix  = "arXiv",
      primaryClass   = "hep-ph",
      reportNumber   = "CAVENDISH-HEP-99-07",
      SLACcitation   = "%%CITATION = HEP-PH/9906349;%%"
}

@article{Eriksson:2009ws,
      author         = "Eriksson, David and Rathsman, Johan and Stal, Oscar",
      title          = "{2HDMC: Two-Higgs-Doublet Model Calculator Physics and
                        Manual}",
      journal        = "Comput. Phys. Commun.",
      volume         = "181",
      year           = "2010",
      pages          = "189-205",
      doi            = "10.1016/j.cpc.2009.09.011",
      eprint         = "0902.0851",
      archivePrefix  = "arXiv",
      primaryClass   = "hep-ph",
      SLACcitation   = "%%CITATION = ARXIV:0902.0851;%%"
}

@article{Alves:2017ued,
      author         = "Alves, Alexandre and Ghosh, Tathagata and Sinha, Kuver",
      title          = "{Can We Discover Double Higgs Production at the LHC?}",
      journal        = "Phys. Rev.",
      volume         = "D96",
      year           = "2017",
      number         = "3",
      pages          = "035022",
      doi            = "10.1103/PhysRevD.96.035022",
      eprint         = "1704.07395",
      archivePrefix  = "arXiv",
      primaryClass   = "hep-ph",
      reportNumber   = "OSU-HEP-17-01",
      SLACcitation   = "%%CITATION = ARXIV:1704.07395;%%"
}

@article{Alwall:2014hca,
      author         = "Alwall, J. and Frederix, R. and Frixione, S. and Hirschi,
                        V. and Maltoni, F. and Mattelaer, O. and Shao, H. -S. and
                        Stelzer, T. and Torrielli, P. and Zaro, M.",
      title          = "{The automated computation of tree-level and
                        next-to-leading order differential cross sections, and
                        their matching to parton shower simulations}",
      journal        = "JHEP",
      volume         = "07",
      year           = "2014",
      pages          = "079",
      doi            = "10.1007/JHEP07(2014)079",
      eprint         = "1405.0301",
      archivePrefix  = "arXiv",
      primaryClass   = "hep-ph",
      reportNumber   = "CERN-PH-TH-2014-064, CP3-14-18, LPN14-066, MCNET-14-09,
                        ZU-TH-14-14",
      SLACcitation   = "%%CITATION = ARXIV:1405.0301;%%"
}

@article{deFlorian:2013uza,
      author         = "de Florian, Daniel and Mazzitelli, Javier",
      title          = "{Two-loop virtual corrections to Higgs pair production}",
      journal        = "Phys. Lett.",
      volume         = "B724",
      year           = "2013",
      pages          = "306-309",
      doi            = "10.1016/j.physletb.2013.06.046",
      eprint         = "1305.5206",
      archivePrefix  = "arXiv",
      primaryClass   = "hep-ph",
      SLACcitation   = "%%CITATION = ARXIV:1305.5206;%%"
}

@article{Azatov:2015oxa,
      author         = "Azatov, Aleksandr and Contino, Roberto and Panico,
                        Giuliano and Son, Minho",
      title          = "{Effective field theory analysis of double Higgs boson
                        production via gluon fusion}",
      journal        = "Phys. Rev.",
      volume         = "D92",
      year           = "2015",
      number         = "3",
      pages          = "035001",
      doi            = "10.1103/PhysRevD.92.035001",
      eprint         = "1502.00539",
      archivePrefix  = "arXiv",
      primaryClass   = "hep-ph",
      reportNumber   = "CERN-PH-TH-2015-015",
      SLACcitation   = "%%CITATION = ARXIV:1502.00539;%%"
}

@article{Sjostrand:2014zea,
      author         = "Sj√É¬∂strand, Torbj√É¬∂rn and Ask, Stefan and Christiansen,
                        Jesper R. and Corke, Richard and Desai, Nishita and Ilten,
                        Philip and Mrenna, Stephen and Prestel, Stefan and
                        Rasmussen, Christine O. and Skands, Peter Z.",
      title          = "{An Introduction to PYTHIA 8.2}",
      journal        = "Comput. Phys. Commun.",
      volume         = "191",
      year           = "2015",
      pages          = "159-177",
      doi            = "10.1016/j.cpc.2015.01.024",
      eprint         = "1410.3012",
      archivePrefix  = "arXiv",
      primaryClass   = "hep-ph",
      reportNumber   = "LU-TP-14-36, MCNET-14-22, CERN-PH-TH-2014-190,
                        FERMILAB-PUB-14-316-CD, DESY-14-178, SLAC-PUB-16122",
      SLACcitation   = "%%CITATION = ARXIV:1410.3012;%%"
}

@article{deFavereau:2013fsa,
      author         = "de Favereau, J. and Delaere, C. and Demin, P. and
                        Giammanco, A. and Lema√É¬Ætre, V. and Mertens, A. and
                        Selvaggi, M.",
      title          = "{DELPHES 3, A modular framework for fast simulation of a
                        generic collider experiment}",
      collaboration  = "DELPHES 3",
      journal        = "JHEP",
      volume         = "02",
      year           = "2014",
      pages          = "057",
      doi            = "10.1007/JHEP02(2014)057",
      eprint         = "1307.6346",
      archivePrefix  = "arXiv",
      primaryClass   = "hep-ex",
      SLACcitation   = "%%CITATION = ARXIV:1307.6346;%%"
}

@article{Bergstra1,
      author         = "Bergstra, S. and Bardenet, R. and Bengio, Y. and
                         K\'egl, B.",
      title          = "{Algorithms for hyper-parameter optimization.}",      
      journal        = "Advances in Neural Information Processing Systems",      
      year           = "2011",
      pages          = "2546"      
}

@article{Bergstra2,
      author         = "Bergstra, S. and Yamins, D. and Cox, D.",
      title          = "{Hyperopt: A Python Library for Optimizing the Hyperparameters of Machine Learning Algorithms.}",      
      journal        = "Proceedings of the 12th PYTHON in Science Conference, SciPy 2013",      
      year           = "2013"    
}

@article{url:hyperopt,
      journal        = "\HyperOpt software package: https://github.com/jaberg/hyperopt."
}
       
        
@article{McCullough:2013rea,
      author         = "McCullough, Matthew",
      title          = "{An Indirect Model-Dependent Probe of the Higgs
                        Self-Coupling}",
      journal        = "Phys. Rev.",
      volume         = "D90",
      year           = "2014",
      number         = "1",
      pages          = "015001",
      doi            = "10.1103/PhysRevD.90.015001, 10.1103/PhysRevD.92.039903",
      note           = "[Erratum: Phys. Rev.D92,no.3,039903(2015)]",
      eprint         = "1312.3322",
      archivePrefix  = "arXiv",
      primaryClass   = "hep-ph",
      reportNumber   = "MIT-CTP-4521",
      SLACcitation   = "%%CITATION = ARXIV:1312.3322;%%"
}


@article{Gorbahn:2016uoy,
      author         = "Gorbahn, Martin and Haisch, Ulrich",
      title          = "{Indirect probes of the trilinear Higgs coupling: $gg \to
                        h$ and $h \to \gamma \gamma$}",
      journal        = "JHEP",
      volume         = "10",
      year           = "2016",
      pages          = "094",
      doi            = "10.1007/JHEP10(2016)094",
      eprint         = "1607.03773",
      archivePrefix  = "arXiv",
      primaryClass   = "hep-ph",
      reportNumber   = "LTH-1092, CERN-TH-2016-161",
      SLACcitation   = "%%CITATION = ARXIV:1607.03773;%%"
}


@article{Degrassi:2016wml,
      author         = "Degrassi, Giuseppe and Giardino, Pier Paolo and Maltoni,
                        Fabio and Pagani, Davide",
      title          = "{Probing the Higgs self coupling via single Higgs
                        production at the LHC}",
      journal        = "JHEP",
      volume         = "12",
      year           = "2016",
      pages          = "080",
      doi            = "10.1007/JHEP12(2016)080",
      eprint         = "1607.04251",
      archivePrefix  = "arXiv",
      primaryClass   = "hep-ph",
      reportNumber   = "CP3-16-38, RM3-TH-16-8",
      SLACcitation   = "%%CITATION = ARXIV:1607.04251;%%"
}


@article{Bizon:2016wgr,
      author         = "Bizon, Wojciech and Gorbahn, Martin and Haisch, Ulrich
                        and Zanderighi, Giulia",
      title          = "{Constraints on the trilinear Higgs coupling from vector
                        boson fusion and associated Higgs production at the LHC}",
      journal        = "JHEP",
      volume         = "07",
      year           = "2017",
      pages          = "083",
      doi            = "10.1007/JHEP07(2017)083",
      eprint         = "1610.05771",
      archivePrefix  = "arXiv",
      primaryClass   = "hep-ph",
      reportNumber   = "CERN-TH-2016-215, LTH-1104, OUTP-16-23P",
      SLACcitation   = "%%CITATION = ARXIV:1610.05771;%%"
}


@article{DiVita:2017eyz,
      author         = "Di Vita, Stefano and Grojean, Christophe and Panico,
                        Giuliano and Riembau, Marc and Vantalon, Thibaud",
      title          = "{A global view on the Higgs self-coupling}",
      journal        = "JHEP",
      volume         = "09",
      year           = "2017",
      pages          = "069",
      doi            = "10.1007/JHEP09(2017)069",
      eprint         = "1704.01953",
      archivePrefix  = "arXiv",
      primaryClass   = "hep-ph",
      reportNumber   = "DESY-17-044",
      SLACcitation   = "%%CITATION = ARXIV:1704.01953;%%"
}


@article{Barklow:2017awn,
      author         = "Barklow, Tim and Fujii, Keisuke and Jung, Sunghoon and
                        Peskin, Michael E. and Tian, Junping",
      title          = "{Model-Independent Determination of the Triple Higgs
                        Coupling at e+e- Colliders}",
      journal        = "Phys. Rev.",
      volume         = "D97",
      year           = "2018",
      number         = "5",
      pages          = "053004",
      doi            = "10.1103/PhysRevD.97.053004",
      eprint         = "1708.09079",
      archivePrefix  = "arXiv",
      primaryClass   = "hep-ph",
      reportNumber   = "KEK-PREPRINT-2017-23, SLAC-PUB-17130",
      SLACcitation   = "%%CITATION = ARXIV:1708.09079;%%"
}


@article{Maltoni:2017ims,
      author         = "Maltoni, Fabio and Pagani, Davide and Shivaji, Ambresh
                        and Zhao, Xiaoran",
      title          = "{Trilinear Higgs coupling determination via single-Higgs
                        differential measurements at the LHC}",
      journal        = "Eur. Phys. J.",
      volume         = "C77",
      year           = "2017",
      number         = "12",
      pages          = "887",
      doi            = "10.1140/epjc/s10052-017-5410-8",
      eprint         = "1709.08649",
      archivePrefix  = "arXiv",
      primaryClass   = "hep-ph",
      reportNumber   = "CP3-17-37, TUM-HEP-1099-17, MCNET-17-18",
      SLACcitation   = "%%CITATION = ARXIV:1709.08649;%%"
}


@article{DiVita:2017vrr,
      author         = "Di Vita, Stefano and Durieux, Gauthier and Grojean,
                        Christophe and Gu, Jiayin and Liu, Zhen and Panico,
                        Giuliano and Riembau, Marc and Vantalon, Thibaud",
      title          = "{A global view on the Higgs self-coupling at lepton
                        colliders}",
      journal        = "JHEP",
      volume         = "02",
      year           = "2018",
      pages          = "178",
      doi            = "10.1007/JHEP02(2018)178",
      eprint         = "1711.03978",
      archivePrefix  = "arXiv",
      primaryClass   = "hep-ph",
      reportNumber   = "DESY-17-131, FERMILAB-PUB-17-462-T",
      SLACcitation   = "%%CITATION = ARXIV:1711.03978;%%"
}



%%% contains utf-8, see: https://inspirehep.net/info/faq/general#utf8
%%% add \usepackage[utf8]{inputenc} to your latex preamble

@article{Maltoni:2018ttu,
      author         = "Maltoni, Fabio and Pagani, Davide and Zhao, Xiaoran",
      title          = "{Constraining the Higgs self-couplings at
                        e$^{+}$e$^{‚àí}$ colliders}",
      journal        = "JHEP",
      volume         = "07",
      year           = "2018",
      pages          = "087",
      doi            = "10.1007/JHEP07(2018)087",
      eprint         = "1802.07616",
      archivePrefix  = "arXiv",
      primaryClass   = "hep-ph",
      reportNumber   = "MCnet-18-02, CP3-18-17, TUM-HEP-1132/18, MCNET-18-02,
                        TUM-HEP-1132-18",
      SLACcitation   = "%%CITATION = ARXIV:1802.07616;%%"
}


@article{Degrassi:2017ucl,
      author         = "Degrassi, Giuseppe and Fedele, Marco and Giardino, Pier
                        Paolo",
      title          = "{Constraints on the trilinear Higgs self coupling from
                        precision observables}",
      journal        = "JHEP",
      volume         = "04",
      year           = "2017",
      pages          = "155",
      doi            = "10.1007/JHEP04(2017)155",
      eprint         = "1702.01737",
      archivePrefix  = "arXiv",
      primaryClass   = "hep-ph",
      SLACcitation   = "%%CITATION = ARXIV:1702.01737;%%"
}


@article{Kribs:2017znd,
      author         = "Kribs, Graham D. and Maier, Andreas and Rzehak, Heidi and
                        Spannowsky, Michael and Waite, Philip",
      title          = "{Electroweak oblique parameters as a probe of the
                        trilinear Higgs boson self-interaction}",
      journal        = "Phys. Rev.",
      volume         = "D95",
      year           = "2017",
      number         = "9",
      pages          = "093004",
      doi            = "10.1103/PhysRevD.95.093004",
      eprint         = "1702.07678",
      archivePrefix  = "arXiv",
      primaryClass   = "hep-ph",
      reportNumber   = "IPPP-17-15",
      SLACcitation   = "%%CITATION = ARXIV:1702.07678;%%"
}


@article{Butterworth:2015oua,
      author         = "Butterworth, Jon and others",
      title          = "{PDF4LHC recommendations for LHC Run II}",
      journal        = "J. Phys.",
      volume         = "G43",
      year           = "2016",
      pages          = "023001",
      doi            = "10.1088/0954-3899/43/2/023001",
      eprint         = "1510.03865",
      archivePrefix  = "arXiv",
      primaryClass   = "hep-ph",
      reportNumber   = "OUTP-15-17P, SMU-HEP-15-12, TIF-UNIMI-2015-14,
                        LCTS-2015-27, CERN-PH-TH-2015-249",
      SLACcitation   = "%%CITATION = ARXIV:1510.03865;%%"
}



%%% contains utf-8, see: https://inspirehep.net/info/faq/general#utf8
%%% add \usepackage[utf8]{inputenc} to your latex preamble

@article{DiLuzio:2017tfn,
      author         = "Di Luzio, Luca and Gr√∂ber, Ramona and Spannowsky,
                        Michael",
      title          = "{Maxi-sizing the trilinear Higgs self-coupling: how large
                        could it be?}",
      journal        = "Eur. Phys. J.",
      volume         = "C77",
      year           = "2017",
      number         = "11",
      pages          = "788",
      doi            = "10.1140/epjc/s10052-017-5361-0",
      eprint         = "1704.02311",
      archivePrefix  = "arXiv",
      primaryClass   = "hep-ph",
      reportNumber   = "IPPP-17-26",
      SLACcitation   = "%%CITATION = ARXIV:1704.02311;%%"
}
