% -- include here the bibtex style bibliography items for your section

% Save this file and include it in your paper as the bibliography
% or cut and paste directly into your LaTeX

@article{Profumo:2017ntc,
      author         = "Profumo, Stefano and Stefaniak, Tim and Stephenson
                        Haskins, Laurel",
      title          = "{The Not-So-Well Tempered Neutralino}",
      journal        = "Phys. Rev.",
      volume         = "D96",
      year           = "2017",
      number         = "5",
      pages          = "055018",
      doi            = "10.1103/PhysRevD.96.055018",
      eprint         = "1706.08537",
      archivePrefix  = "arXiv",
      primaryClass   = "hep-ph",
      reportNumber   = "SCIPP-17-08",
      SLACcitation   = "%%CITATION = ARXIV:1706.08537;%%"
}

@article{Cacciari:2014gra,
      author         = "Cacciari, Matteo and Salam, Gavin P. and Soyez, Gregory",
      title          = "{SoftKiller, a particle-level pileup removal method}",
      journal        = "Eur. Phys. J.",
      volume         = "C75",
      year           = "2015",
      number         = "2",
      pages          = "59",
      doi            = "10.1140/epjc/s10052-015-3267-2",
      eprint         = "1407.0408",
      archivePrefix  = "arXiv",
      primaryClass   = "hep-ph",
      reportNumber   = "CERN-PH-TH-2014-116",
      SLACcitation   = "%%CITATION = ARXIV:1407.0408;%%"
}


@article{Berta:2014eza,
      author         = "Berta, Peter and Spousta, Martin and Miller, David W. and
                        Leitner, Rupert",
      title          = "{Particle-level pileup subtraction for jets and jet
                        shapes}",
      journal        = "JHEP",
      volume         = "06",
      year           = "2014",
      pages          = "092",
      doi            = "10.1007/JHEP06(2014)092",
      eprint         = "1403.3108",
      archivePrefix  = "arXiv",
      primaryClass   = "hep-ex",
      SLACcitation   = "%%CITATION = ARXIV:1403.3108;%%"
}


@article{Komiske:2017ubm,
      author         = "Komiske, Patrick T. and Metodiev, Eric M. and Nachman,
                        Benjamin and Schwartz, Matthew D.",
      title          = "{Pileup Mitigation with Machine Learning (PUMML)}",
      journal        = "JHEP",
      volume         = "12",
      year           = "2017",
      pages          = "051",
      doi            = "10.1007/JHEP12(2017)051",
      eprint         = "1707.08600",
      archivePrefix  = "arXiv",
      primaryClass   = "hep-ph",
      reportNumber   = "MIT-CTP-4924",
      SLACcitation   = "%%CITATION = ARXIV:1707.08600;%%"
}




@techreport{Collaboration:2285585,
      title         = "{Technical Design Report for the ATLAS Inner Tracker Pixel
                       Detector}",
      collaboration = "ATLAS",
      institution   = "CERN",
      address       = "Geneva",
      number        = "CERN-LHCC-2017-021. ATLAS-TDR-030",
      month         = "Sep",
      year          = "2017",
      reportNumber  = "CERN-LHCC-2017-021",
      url           = "https://cds.cern.ch/record/2285585",
}





@article{Collaboration:2017mtb,
      title          = "{Technical Design Report for the ATLAS Inner Tracker
                        Strip Detector}",
      collaboration  = "ATLAS",
      year           = "2017",
      reportNumber   = "CERN-LHCC-2017-005, ATLAS-TDR-025",
      note           = "{CERN-LHCC-2017-005, ATLAS-TDR-025}"  
      SLACcitation   = "%%CITATION = CERN-LHCC-2017-005;%%"
}



@article{Collaboration:2017mtb,
      title          = "{Technical Design Report for the ATLAS Inner Tracker
                        Strip Detector}",
      collaboration  = "ATLAS",
      year           = "2017",
      reportNumber   = "CERN-LHCC-2017-005, ATLAS-TDR-025",
      SLACcitation   = "%%CITATION = CERN-LHCC-2017-005;%%"
}


@techreport{Collaboration:2257755,
      title         = "{Technical Design Report for the ATLAS Inner Tracker Strip
                       Detector}",
      collaboration = "ATLAS",
      institution   = "CERN",
      address       = "Geneva",
      number        = "CERN-LHCC-2017-005. ATLAS-TDR-025",
      month         = "Apr",
      year          = "2017",
      reportNumber  = "CERN-LHCC-2017-005",
      url           = "https://cds.cern.ch/record/2257755",
}


@article{AbelleiraFernandez:2012cc,
      author         = "Abelleira Fernandez, J. L. and others",
      title          = "{A Large Hadron Electron Collider at CERN: Report on the
                        Physics and Design Concepts for Machine and Detector}",
      collaboration  = "LHeC Study Group",
      journal        = "J. Phys.",
      volume         = "G39",
      year           = "2012",
      pages          = "075001",
      doi            = "10.1088/0954-3899/39/7/075001",
      eprint         = "1206.2913",
      archivePrefix  = "arXiv",
      primaryClass   = "physics.acc-ph",
      reportNumber   = "SLAC-R-999, CERN-OPEN-2012-015, LHEC-NOTE-2012-001-GEN",
      SLACcitation   = "%%CITATION = ARXIV:1206.2913;%%"
}


@misc{hlpresc,
     title = "{Guidelines for coupling projections at the high luminosity LHC}",
     note = "https://twiki.cern.ch/twiki/bin/view/LHCPhysics/GuidelinesCouplingProjections2018"
}


@misc{bc1,
     author = "Kawaguchi, S.",
     note = "Bachelor Thesis, Tokyo Institute of Technology, 2015"
     year = "2015"
}

@misc{bc2,
     author = "Sekine, T.",
     note = "Bachelor Thesis, Tokyo Institute of Technology, 2017"
     year = "2017"
}

@misc{uncertpresc,
     title = "{Recommendations for Systematic Uncertainties HL-LHC}",
     note = "https://twiki.cern.ch/twiki/bin/view/LHCPhysics/HLHELHCCommonSystematics"
}

@misc{uta,
     author = "Klein, Uta",
     title = "{Higgs physics at the LHeC and the HE-LHC/FCC-he}",     
     note = "Talk at the HL-LHC Meeting, June 2018"
}

@misc{uta2,
     author = "Klein, Uta",
     title = "{Higgs physics at LHeC}",     
     note = "Talk at Higgs Hunting 2018, July 2018"
}




@misc{Utacommunications,
     author = "Klein, Uta",
     note = "private communication, October 2018."
}


@misc{kuzeLHeC,
     author = "Kuze, Masahiro",
     title = "{Search for Higgs decay to invisibles at the LHeC and the FCC-eh}",
     note = "Talk at \emph{Electrons for the LHC}, Orsay, 27 June 2018"
}


@article{Khachatryan:2016whc,
      author         = "Khachatryan, Vardan and others",
      title          = "{Searches for invisible decays of the Higgs boson in pp
                        collisions at $\sqrt{s}$ = 7, 8, and 13 TeV}",
      collaboration  = "CMS",
      journal        = "JHEP",
      volume         = "02",
      year           = "2017",
      pages          = "135",
      doi            = "10.1007/JHEP02(2017)135",
      eprint         = "1610.09218",
      archivePrefix  = "arXiv",
      primaryClass   = "hep-ex",
      reportNumber   = "CMS-HIG-16-016, CERN-EP-2016-240",
      SLACcitation   = "%%CITATION = ARXIV:1610.09218;%%"
}

@article{Aad:2015pla,
      author         = "Aad, Georges and others",
      title          = "{Constraints on new phenomena via Higgs boson couplings
                        and invisible decays with the ATLAS detector}",
      collaboration  = "ATLAS",
      journal        = "JHEP",
      volume         = "11",
      year           = "2015",
      pages          = "206",
      doi            = "10.1007/JHEP11(2015)206",
      eprint         = "1509.00672",
      archivePrefix  = "arXiv",
      primaryClass   = "hep-ex",
      reportNumber   = "CERN-PH-EP-2015-191",
      SLACcitation   = "%%CITATION = ARXIV:1509.00672;%%"
}

@article{Aaboud:2017bja,
      author         = "Aaboud, M. and others",
      title          = "{Search for an invisibly decaying Higgs boson or dark
                        matter candidates produced in association with a $Z$ boson
                        in $pp$ collisions at $\sqrt{s} =$ 13 TeV with the ATLAS
                        detector}",
      collaboration  = "ATLAS",
      journal        = "Phys. Lett.",
      volume         = "B776",
      year           = "2018",
      pages          = "318-337",
      doi            = "10.1016/j.physletb.2017.11.049",
      eprint         = "1708.09624",
      archivePrefix  = "arXiv",
      primaryClass   = "hep-ex",
      reportNumber   = "CERN-EP-2017-166",
      SLACcitation   = "%%CITATION = ARXIV:1708.09624;%%"
}

@article{Aad:2015txa,
      author         = "Aad, Georges and others",
      title          = "{Search for invisible decays of a Higgs boson using
                        vector-boson fusion in $pp$ collisions at $\sqrt{s}=8$ TeV
                        with the ATLAS detector}",
      collaboration  = "ATLAS",
      journal        = "JHEP",
      volume         = "01",
      year           = "2016",
      pages          = "172",
      doi            = "10.1007/JHEP01(2016)172",
      eprint         = "1508.07869",
      archivePrefix  = "arXiv",
      primaryClass   = "hep-ex",
      reportNumber   = "CERN-PH-EP-2015-186",
      SLACcitation   = "%%CITATION = ARXIV:1508.07869;%%"
}

@article{Sirunyan:2018owy,
      author         = "Sirunyan, Albert M and others",
      title          = "{Search for invisible decays of a Higgs boson produced
                        through vector boson fusion in proton-proton collisions at
                        $\sqrt{s} =$ 13 TeV}",
      collaboration  = "CMS",
      journal        = "Submitted to: Phys. Lett.",
      year           = "2018",
      eprint         = "1809.05937",
      archivePrefix  = "arXiv",
      primaryClass   = "hep-ex",
      reportNumber   = "CMS-HIG-17-023, CERN-EP-2018-139",
      SLACcitation   = "%%CITATION = ARXIV:1809.05937;%%"
}

@techreport{Collaboration:2283189,
      title         = "{The Phase-2 Upgrade of the CMS Muon Detectors}",
      collaboration = "CMS",
      institution   = "CERN",
      address       = "Geneva",
      number        = "CERN-LHCC-2017-012. CMS-TDR-016",
      month         = "Sep",
      year          = "2017",
      reportNumber  = "CERN-LHCC-2017-012",
      url           = "https://cds.cern.ch/record/2283189",
      note          = "This is the final version, approved by the LHCC.",
}

@techreport{Collaboration:2293646,
      title         = "{The Phase-2 Upgrade of the CMS Endcap Calorimeter}",
      collaboration = "CMS",
      institution   = "CERN",
      address       = "Geneva",
      number        = "CERN-LHCC-2017-023. CMS-TDR-019",
      month         = "Nov",
      year          = "2017",
      reportNumber  = "CERN-LHCC-2017-023",
      url           = "https://cds.cern.ch/record/2293646",
      note          = "Technical Design Report of the endcap calorimeter for the
                       Phase-2 upgrade of the CMS experiment, in view of the
                       HL-LHC run.",
}



@article{Klein:2017nke,
      author         = "Klein, K.",
      title          = "{The Phase-2 Upgrade of the CMS Tracker}",
      year           = "2017",
      reportNumber   = "CERN-LHCC-2017-009, CMS-TDR-014",
      note           = "{CERN-LHCC-2017-009, CMS-TDR-014}"
      SLACcitation   = "%%CITATION = CERN-LHCC-2017-009;%%"
}

@techreport{Collaboration:2283187,
      title         = "{The Phase-2 Upgrade of the CMS Barrel Calorimeters
                       Technical Design Report}",
      collaboration = "CMS",
      institution   = "CERN",
      address       = "Geneva",
      number        = "CERN-LHCC-2017-011. CMS-TDR-015",
      month         = "Sep",
      year          = "2017",
      reportNumber  = "CERN-LHCC-2017-011",
      url           = "https://cds.cern.ch/record/2283187",
      note          = "This is the final version, approved by the LHCC",
}

@article{Sirunyan:2018owy,
      author         = "Sirunyan, Albert M and others",
      title          = "{Search for invisible decays of a Higgs boson produced
                        through vector boson fusion in proton-proton collisions at
                        $\sqrt{s} =$ 13 TeV}",
      collaboration  = "CMS",
      journal        = "Submitted to: Phys. Lett.",
      year           = "2018",
      eprint         = "1809.05937",
      archivePrefix  = "arXiv",
      primaryClass   = "hep-ex",
      reportNumber   = "CMS-HIG-17-023, CERN-EP-2018-139",
      SLACcitation   = "%%CITATION = ARXIV:1809.05937;%%"
}


@article{Aaboud:2018sfi,
      author         = "Aaboud, Morad and others",
      title          = "{Search for invisible Higgs boson decays in vector boson
                        fusion at $\sqrt{s} = 13$ TeV with the ATLAS detector}",
      collaboration  = "ATLAS",
      journal        = "Submitted to: Phys. Lett.",
      year           = "2018",
      eprint         = "1809.06682",
      archivePrefix  = "arXiv",
      primaryClass   = "hep-ex",
      reportNumber   = "CERN-EP-2018-184",
      SLACcitation   = "%%CITATION = ARXIV:1809.06682;%%"
}



@article{Bertolini:2014bba,
      author         = "Bertolini, Daniele and Harris, Philip and Low, Matthew
                        and Tran, Nhan",
      title          = "{Pileup Per Particle Identification}",
      journal        = "JHEP",
      volume         = "10",
      year           = "2014",
      pages          = "059",
      doi            = "10.1007/JHEP10(2014)059",
      eprint         = "1407.6013",
      archivePrefix  = "arXiv",
      primaryClass   = "hep-ph",
      reportNumber   = "FERMILAB-PUB-14-238-PPD, EFI-14-18, MIT-CTP-4558",
      SLACcitation   = "%%CITATION = ARXIV:1407.6013;%%"
}



@article{ATLAS:2011tau,
      title          = "{Procedure for the LHC Higgs boson search combination in
                        summer 2011}",
      collaboration  = "ATLAS, CMS, LHC Higgs Combination Group",
      year           = "2011",
      reportNumber   = "ATL-PHYS-PUB-2011-011, CMS-NOTE-2011-005",
      note           = "{ATL-PHYS-PUB-2011-011, CMS-NOTE-2011-005}"
      SLACcitation   = "%%CITATION = ATL-PHYS-PUB-2011-011;%%"
}


@article{Junk:1999kv,
      author         = "Junk, Thomas",
      title          = "{Confidence level computation for combining searches with
                        small statistics}",
      journal        = "Nucl. Instrum. Meth.",
      volume         = "A434",
      year           = "1999",
      pages          = "435-443",
      doi            = "10.1016/S0168-9002(99)00498-2",
      eprint         = "hep-ex/9902006",
      archivePrefix  = "arXiv",
      primaryClass   = "hep-ex",
      reportNumber   = "CARLETON-OPAL-PHYS-99-01, CERN-EP-99-041",
      SLACcitation   = "%%CITATION = HEP-EX/9902006;%%"
}


@article{Cowan:2010js,
      author         = "Cowan, Glen and Cranmer, Kyle and Gross, Eilam and
                        Vitells, Ofer",
      title          = "{Asymptotic formulae for likelihood-based tests of new
                        physics}",
      journal        = "Eur. Phys. J.",
      volume         = "C71",
      year           = "2011",
      pages          = "1554",
      doi            = "10.1140/epjc/s10052-011-1554-0,
                        10.1140/epjc/s10052-013-2501-z",
      note           = "[Erratum: Eur. Phys. J.C73,2501(2013)]",
      eprint         = "1007.1727",
      archivePrefix  = "arXiv",
      primaryClass   = "physics.data-an",
      SLACcitation   = "%%CITATION = ARXIV:1007.1727;%%"
}


@article{Read:2002hq,
      author         = "Read, Alexander L.",
      title          = "{Presentation of search results: The CL(s) technique}",
      booktitle      = "{Advanced Statistical Techniques in Particle Physics.
                        Proceedings, Conference, Durham, UK, March 18-22, 2002}",
      journal        = "J. Phys.",
      volume         = "G28",
      year           = "2002",
      pages          = "2693-2704",
      doi            = "10.1088/0954-3899/28/10/313",
      note           = "[,11(2002)]",
      SLACcitation   = "%%CITATION = JPAGA,G28,2693;%%"
}


@article{CMS:2018awd,
      author         = "CMS Collaboration",
      title          = "{Search for invisible decays of the Higgs boson produced
                        through vector boson fusion at $\sqrt{s} =
                        13~\mathrm{TeV}$}",
      collaboration  = "CMS",
      year           = "2018",
      reportNumber   = "CMS-PAS-HIG-17-023",
      SLACcitation   = "%%CITATION = CMS-PAS-HIG-17-023;%%"
}

@article{Sirunyan:2018owy,
      author         = "Sirunyan, Albert M and others",
      title          = "{Search for invisible decays of a Higgs boson produced
                        through vector boson fusion in proton-proton collisions at
                        $\sqrt{s} =$ 13 TeV}",
      collaboration  = "CMS",
      journal        = "Submitted to: Phys. Lett.",
      year           = "2018",
      eprint         = "1809.05937",
      archivePrefix  = "arXiv",
      primaryClass   = "hep-ex",
      reportNumber   = "CMS-HIG-17-023, CERN-EP-2018-139",
      SLACcitation   = "%%CITATION = ARXIV:1809.05937;%%"
}

@article{Alioli:2010xd,
      author         = "Alioli, Simone and Nason, Paolo and Oleari, Carlo and Re,
                        Emanuele",
      title          = "{A general framework for implementing NLO calculations in
                        shower Monte Carlo programs: the POWHEG BOX}",
      journal        = "JHEP",
      volume         = "06",
      year           = "2010",
      pages          = "043",
      doi            = "10.1007/JHEP06(2010)043",
      eprint         = "1002.2581",
      archivePrefix  = "arXiv",
      primaryClass   = "hep-ph",
      reportNumber   = "DESY-10-018, SFB-CPP-10-22, IPPP-10-11, DCPT-10-22",
      SLACcitation   = "%%CITATION = ARXIV:1002.2581;%%"
}

@article{Alwall:2014hca,
      author         = "Alwall, J. and Frederix, R. and Frixione, S. and Hirschi,
                        V. and Maltoni, F. and Mattelaer, O. and Shao, H. -S. and
                        Stelzer, T. and Torrielli, P. and Zaro, M.",
      title          = "{The automated computation of tree-level and
                        next-to-leading order differential cross sections, and
                        their matching to parton shower simulations}",
      journal        = "JHEP",
      volume         = "07",
      year           = "2014",
      pages          = "079",
      doi            = "10.1007/JHEP07(2014)079",
      eprint         = "1405.0301",
      archivePrefix  = "arXiv",
      primaryClass   = "hep-ph",
      reportNumber   = "CERN-PH-TH-2014-064, CP3-14-18, LPN14-066, MCNET-14-09,
                        ZU-TH-14-14",
      SLACcitation   = "%%CITATION = ARXIV:1405.0301;%%"
}


@article{Cacciari:2008gp,
      author         = "Cacciari, Matteo and Salam, Gavin P. and Soyez, Gregory",
      title          = "{The anti-$k_t$ jet clustering algorithm}",
      journal        = "JHEP",
      volume         = "04",
      year           = "2008",
      pages          = "063",
      doi            = "10.1088/1126-6708/2008/04/063",
      eprint         = "0802.1189",
      archivePrefix  = "arXiv",
      primaryClass   = "hep-ph",
      reportNumber   = "LPTHE-07-03",
      SLACcitation   = "%%CITATION = ARXIV:0802.1189;%%"
}

@article{Cacciari:2011ma,
      author         = "Cacciari, Matteo and Salam, Gavin P. and Soyez, Gregory",
      title             = "{FastJet} user manual",
      journal        = "Eur. Phys. J. C",
      volume       = "72",
      pages         = "1896",
      doi              = "10.1140/epjc/s10052-012-1896-2",
      year           = "2012",
      eprint         = "1111.6097",
      archivePrefix  = "arXiv",
      primaryClass   = "hep-ph",
      reportNumber   = "CERN-PH-TH-2011-297",
      SLACcitation   = "%%CITATION = ARXIV:1111.6097;%%",
}

@article{Dittmaier:2012vm,
      author         = "Dittmaier, S. and others",
      title          = "{Handbook of LHC Higgs Cross Sections: 2. Differential
                        Distributions}",
      doi            = "10.5170/CERN-2012-002",
      year           = "2012",
      eprint         = "1201.3084",
      archivePrefix  = "arXiv",
      primaryClass   = "hep-ph",
      reportNumber   = "CERN-2012-002",
      SLACcitation   = "%%CITATION = ARXIV:1201.3084;%%"
}

@article{Chatrchyan:2013lba,
      author         = "Chatrchyan, Serguei and others",
      title          = "{Observation of a new boson with mass near 125 GeV in pp
                        collisions at $\sqrt{s}$ = 7 and 8 TeV}",
      collaboration  = "CMS",
      journal        = "JHEP",
      volume         = "06",
      year           = "2013",
      pages          = "081",
      doi            = "10.1007/JHEP06(2013)081",
      eprint         = "1303.4571",
      archivePrefix  = "arXiv",
      primaryClass   = "hep-ex",
      reportNumber   = "CMS-HIG-12-036, CERN-PH-EP-2013-035",
      SLACcitation   = "%%CITATION = ARXIV:1303.4571;%%"
}

@article{Bechtle:2008jh,
      author         = "Bechtle, Philip and Brein, Oliver and Heinemeyer, Sven
                        and Weiglein, Georg and Williams, Karina E.",
      title          = "{HiggsBounds: Confronting Arbitrary Higgs Sectors with
                        Exclusion Bounds from LEP and the Tevatron}",
      journal        = "Comput. Phys. Commun.",
      volume         = "181",
      year           = "2010",
      pages          = "138-167",
      doi            = "10.1016/j.cpc.2009.09.003",
      eprint         = "0811.4169",
      archivePrefix  = "arXiv",
      primaryClass   = "hep-ph",
      reportNumber   = "DCPT-08-172, IPPP-08-86, BONN-TH-2008-17",
      SLACcitation   = "%%CITATION = ARXIV:0811.4169;%%"
}

@article{Bechtle:2011sb,
      author         = "Bechtle, Philip and Brein, Oliver and Heinemeyer, Sven
                        and Weiglein, Georg and Williams, Karina E.",
      title          = "{HiggsBounds 2.0.0: Confronting Neutral and Charged Higgs
                        Sector Predictions with Exclusion Bounds from LEP and the
                        Tevatron}",
      journal        = "Comput. Phys. Commun.",
      volume         = "182",
      year           = "2011",
      pages          = "2605-2631",
      doi            = "10.1016/j.cpc.2011.07.015",
      eprint         = "1102.1898",
      archivePrefix  = "arXiv",
      primaryClass   = "hep-ph",
      reportNumber   = "FR-PHENO-2011-002, BONN-TH-2011-02, DESY-11-016",
      SLACcitation   = "%%CITATION = ARXIV:1102.1898;%%"
}

@article{Bechtle:2013wla,
      author         = "Bechtle, Philip and Brein, Oliver and Heinemeyer, Sven
                        and Stål, Oscar and Stefaniak, Tim and Weiglein, Georg
                        and Williams, Karina E.",
      title          = "{$\mathsf{HiggsBounds}-4$: Improved Tests of Extended
                        Higgs Sectors against Exclusion Bounds from LEP, the
                        Tevatron and the LHC}",
      journal        = "Eur. Phys. J.",
      volume         = "C74",
      year           = "2014",
      number         = "3",
      pages          = "2693",
      doi            = "10.1140/epjc/s10052-013-2693-2",
      eprint         = "1311.0055",
      archivePrefix  = "arXiv",
      primaryClass   = "hep-ph",
      reportNumber   = "BONN-TH-2013-21, DESY-13-110",
      SLACcitation   = "%%CITATION = ARXIV:1311.0055;%%"
}


@article{Bertolini:2014bba,
      author         = "Bertolini, Daniele and Harris, Philip and Low, Matthew
                        and Tran, Nhan",
      title          = "{Pileup Per Particle Identification}",
      journal        = "JHEP",
      volume         = "10",
      year           = "2014",
      pages          = "059",
      doi            = "10.1007/JHEP10(2014)059",
      eprint         = "1407.6013",
      archivePrefix  = "arXiv",
      primaryClass   = "hep-ph",
      reportNumber   = "FERMILAB-PUB-14-238-PPD, EFI-14-18, MIT-CTP-4558",
      SLACcitation   = "%%CITATION = ARXIV:1407.6013;%%"
}

@article{Nason:2009ai,
      author         = "Nason, Paolo and Oleari, Carlo",
      title          = "{NLO Higgs boson production via vector-boson fusion
                        matched with shower in POWHEG}",
      journal        = "JHEP",
      volume         = "02",
      year           = "2010",
      pages          = "037",
      doi            = "10.1007/JHEP02(2010)037",
      eprint         = "0911.5299",
      archivePrefix  = "arXiv",
      primaryClass   = "hep-ph",
      SLACcitation   = "%%CITATION = ARXIV:0911.5299;%%"
}

@article{deFavereau:2013fsa,
      author         = "de Favereau, J. and Delaere, C. and Demin, P. and
                        Giammanco, A. and Lemaître, V. and Mertens, A. and
                        Selvaggi, M.",
      title          = "{DELPHES 3, A modular framework for fast simulation of a
                        generic collider experiment}",
      collaboration  = "DELPHES 3",
      journal        = "JHEP",
      volume         = "02",
      year           = "2014",
      pages          = "057",
      doi            = "10.1007/JHEP02(2014)057",
      eprint         = "1307.6346",
      archivePrefix  = "arXiv",
      primaryClass   = "hep-ex",
      SLACcitation   = "%%CITATION = ARXIV:1307.6346;%%"
}


@article{Gligorov:2017nwh,
      author         = "Gligorov, Vladimir V. and Knapen, Simon and Papucci,
                        Michele and Robinson, Dean J.",
      title          = "{Searching for Long-lived Particles: A Compact Detector
                        for Exotics at LHCb}",
      journal        = "Phys. Rev.",
      volume         = "D97",
      year           = "2018",
      number         = "1",
      pages          = "015023",
      doi            = "10.1103/PhysRevD.97.015023",
      eprint         = "1708.09395",
      archivePrefix  = "arXiv",
      primaryClass   = "hep-ph",
      SLACcitation   = "%%CITATION = ARXIV:1708.09395;%%"
}

@article{Chou:2016lxi,
      author         = "Chou, John Paul and Curtin, David and Lubatti, H. J.",
      title          = "{New Detectors to Explore the Lifetime Frontier}",
      journal        = "Phys. Lett.",
      volume         = "B767",
      year           = "2017",
      pages          = "29-36",
      doi            = "10.1016/j.physletb.2017.01.043",
      eprint         = "1606.06298",
      archivePrefix  = "arXiv",
      primaryClass   = "hep-ph",
      SLACcitation   = "%%CITATION = ARXIV:1606.06298;%%"
}


@article{CMS:2014hka,
      author         = "Khachatryan, Vardan and others",
      title          = "{Search for long-lived particles that decay into final
                        states containing two electrons or two muons in
                        proton-proton collisions at $\sqrt{s} =$ 8 TeV}",
      collaboration  = "CMS",
      journal        = "Phys. Rev.",
      volume         = "D91",
      year           = "2015",
      number         = "5",
      pages          = "052012",
      doi            = "10.1103/PhysRevD.91.052012",
      eprint         = "1411.6977",
      archivePrefix  = "arXiv",
      primaryClass   = "hep-ex",
      reportNumber   = "CMS-EXO-12-037, CERN-PH-EP-2014-263",
      SLACcitation   = "%%CITATION = ARXIV:1411.6977;%%"
}


@article{Aaij:2016xmb,
      author         = "Aaij, Roel and others",
      title          = "{Search for massive long-lived particles decaying
                        semileptonically in the LHCb detector}",
      collaboration  = "LHCb",
      journal        = "Eur. Phys. J.",
      volume         = "C77",
      year           = "2017",
      number         = "4",
      pages          = "224",
      doi            = "10.1140/epjc/s10052-017-4744-6",
      eprint         = "1612.00945",
      archivePrefix  = "arXiv",
      primaryClass   = "hep-ex",
      reportNumber   = "CERN-EP-2016-283, LHCB-PAPER-2016-047,
                        LHCB-PAPER-2016-047-CERN-EP-2016-283",
      SLACcitation   = "%%CITATION = ARXIV:1612.00945;%%"
}


@article{ATLAS:2016jza,
      title          = "{Search for long-lived neutral particles decaying into
                        displaced lepton jets in proton--proton collisions at
                        $\sqrt{s}$ = 13 TeV with the ATLAS detector}",
      collaboration  = "ATLAS",
      year           = "2016",
      reportNumber   = "ATLAS-CONF-2016-042",
      note           = "{ATLAS-CONF-2016-042}"
      SLACcitation   = "%%CITATION = ATLAS-CONF-2016-042;%%"
}

@article{Aad:2015uaa,
      author         = "Aad, Georges and others",
      title          = "{Search for long-lived, weakly interacting particles that
                        decay to displaced hadronic jets in proton-proton
                        collisions at $\sqrt{s}=8$ TeV with the ATLAS detector}",
      collaboration  = "ATLAS",
      journal        = "Phys. Rev.",
      volume         = "D92",
      year           = "2015",
      number         = "1",
      pages          = "012010",
      doi            = "10.1103/PhysRevD.92.012010",
      eprint         = "1504.03634",
      archivePrefix  = "arXiv",
      primaryClass   = "hep-ex",
      reportNumber   = "CERN-PH-EP-2015-071",
      SLACcitation   = "%%CITATION = ARXIV:1504.03634;%%"
}


@article{Curtin:2018mvb,
      author         = "Curtin, David and others",
      title          = "{Long-Lived Particles at the Energy Frontier: The
                        MATHUSLA Physics Case}",
      year           = "2018",
      eprint         = "1806.07396",
      archivePrefix  = "arXiv",
      primaryClass   = "hep-ph",
      reportNumber   = "FERMILAB-PUB-18-264-T",
      SLACcitation   = "%%CITATION = ARXIV:1806.07396;%%"
}



@techreport{ATL-PHYS-PUB-2013-014,
      title         = "{Projections for measurements of Higgs boson cross
                       sections, branching ratios and coupling parameters with the
                       ATLAS detector at a HL-LHC}",
      institution   = "CERN",
      address       = "Geneva",
      number        = "ATL-PHYS-PUB-2013-014",
      month         = "Oct",
      year          = "2013",
      reportNumber  = "ATL-PHYS-PUB-2013-014",
%      url           = "http://cds.cern.ch/record/1611186",
}

@techreport{ATL-PHYS-PUB-2014-016,
      title         = "{Projections for measurements of Higgs boson signal
                       strengths and coupling parameters with the ATLAS detector
                       at a HL-LHC}",
      institution   = "CERN",
      address       = "Geneva",
      number        = "ATL-PHYS-PUB-2014-016",
      month         = "Oct",
      year          = "2014",
      reportNumber  = "ATL-PHYS-PUB-2014-016",
      url           = "http://cds.cern.ch/record/1956710",
}


@techreport{CMS-PAS-FTR-16-002,
      title         = "{Projected performance of Higgs analyses at the HL-LHC for
                       ECFA 2016}",
      institution   = "CERN",
      collaboration = "CMS Collaboration",
      address       = "Geneva",
      number        = "CMS-PAS-FTR-16-002",
      year          = "2017",
      reportNumber  = "CMS-PAS-FTR-16-002",
%      url           = "https://cds.cern.ch/record/2266165",
}

@article{CMS:2017cwx,
      author         = "CMS Collaboration",
      title          = "{Projected performance of Higgs analyses at the HL-LHC
                        for ECFA 2016}",
      collaboration  = "CMS",
      year           = "2017",
      reportNumber   = "CMS-PAS-FTR-16-002",
      SLACcitation   = "%%CITATION = CMS-PAS-FTR-16-002;%%"
}

@inproceedings{CMS:2013xfa,
      title          = "{Projected Performance of an Upgraded CMS Detector at the
                        LHC and HL-LHC: Contribution to the Snowmass Process}",
      booktitle      = "{Proceedings, 2013 Community Summer Study on the Future
                        of U.S. Particle Physics: Snowmass on the Mississippi
                        (CSS2013): Minneapolis, MN, USA, July 29-August 6, 2013}",
      collaboration  = "CMS",
      url            = "https://inspirehep.net/record/1244669/files/arXiv:1307.7135.pdf",
      year           = "2013",
      eprint         = "1307.7135",
      archivePrefix  = "arXiv",
      primaryClass   = "hep-ex",
      reportNumber   = "CMS-NOTE-13-002",
      SLACcitation   = "%%CITATION = ARXIV:1307.7135;%%"
}

@article{deFlorian:2016spz,
      author         = "de Florian, D. and others",
      title          = "{Handbook of LHC Higgs Cross Sections: 4. Deciphering the
                        Nature of the Higgs Sector}",
      collaboration  = "LHC Higgs Cross Section Working Group",
      doi            = "10.23731/CYRM-2017-002",
      year           = "2016",
      eprint         = "1610.07922",
      archivePrefix  = "arXiv",
      primaryClass   = "hep-ph",
      reportNumber   = "FERMILAB-FN-1025-T, CERN-2017-002-M",
      SLACcitation   = "%%CITATION = ARXIV:1610.07922;%%"
}

@article{Bechtle:2013xfa,
      author         = "Bechtle, Philip and Heinemeyer, Sven and Stål, Oscar and
                        Stefaniak, Tim and Weiglein, Georg",
      title          = "{$HiggsSignals$: Confronting arbitrary Higgs sectors with
                        measurements at the Tevatron and the LHC}",
      journal        = "Eur. Phys. J.",
      volume         = "C74",
      year           = "2014",
      number         = "2",
      pages          = "2711",
      doi            = "10.1140/epjc/s10052-013-2711-4",
      eprint         = "1305.1933",
      archivePrefix  = "arXiv",
      primaryClass   = "hep-ph",
      reportNumber   = "BONN-TH-2013-07, DESY-13-078",
      SLACcitation   = "%%CITATION = ARXIV:1305.1933;%%"
}

@article{Bechtle:2014ewa,
      author         = "Bechtle, Philip and Heinemeyer, Sven and Stål, Oscar and
                        Stefaniak, Tim and Weiglein, Georg",
      title          = "{Probing the Standard Model with Higgs signal rates from
                        the Tevatron, the LHC and a future ILC}",
      journal        = "JHEP",
      volume         = "11",
      year           = "2014",
      pages          = "039",
      doi            = "10.1007/JHEP11(2014)039",
      eprint         = "1403.1582",
      archivePrefix  = "arXiv",
      primaryClass   = "hep-ph",
      reportNumber   = "DESY-14-026, BONN-TH-2014-05",
      SLACcitation   = "%%CITATION = ARXIV:1403.1582;%%"
}

@article{Heinemeyer:2013tqa,
      author         = "Andersen, J R and others",
      editor         = "Heinemeyer, S and Mariotti, C and Passarino, G and
                        Tanaka, R",
      title          = "{Handbook of LHC Higgs Cross Sections: 3. Higgs
                        Properties}",
      collaboration  = "LHC Higgs Cross Section Working Group",
      doi            = "10.5170/CERN-2013-004",
      year           = "2013",
      eprint         = "1307.1347",
      archivePrefix  = "arXiv",
      primaryClass   = "hep-ph",
      reportNumber   = "CERN-2013-004, FERMILAB-CONF-13-667-T",
      SLACcitation   = "%%CITATION = ARXIV:1307.1347;%%"
}

@Article{Englert:2011yb,
    author    = "Englert, Christoph and Plehn, Tilman and Zerwas, Dirk and
                 Zerwas, Peter M.",
    title     = "{Exploring the Higgs portal}",
    journal   = "Phys. Lett.",
    volume    = "B703",
    year      = "2011",
    pages     = "298-305",
    eprint    = "1106.3097",
    archivePrefix = "arXiv",
    primaryClass  =  "hep-ph",
    doi       = "10.1016/j.physletb.2011.08.002",
    SLACcitation  = "%%CITATION = 1106.3097;%%"
}

@article{Kanemura:2010sh,
      author         = "Kanemura, Shinya and Matsumoto, Shigeki and Nabeshima,
                        Takehiro and Okada, Nobuchika",
      title          = "{Can WIMP Dark Matter overcome the Nightmare Scenario?}",
      journal        = "Phys. Rev.",
      volume         = "D82",
      year           = "2010",
      pages          = "055026",
      doi            = "10.1103/PhysRevD.82.055026",
      eprint         = "1005.5651",
      archivePrefix  = "arXiv",
      primaryClass   = "hep-ph",
      reportNumber   = "UT-HET-039",
      SLACcitation   = "%%CITATION = ARXIV:1005.5651;%%"
}


@article{Djouadi:2011aa,
      author         = "Djouadi, Abdelhak and Lebedev, Oleg and Mambrini, Yann
                        and Quevillon, Jeremie",
      title          = "{Implications of LHC searches for Higgs--portal dark
                        matter}",
      journal        = "Phys. Lett.",
      volume         = "B709",
      year           = "2012",
      pages          = "65-69",
      doi            = "10.1016/j.physletb.2012.01.062",
      eprint         = "1112.3299",
      archivePrefix  = "arXiv",
      primaryClass   = "hep-ph",
      reportNumber   = "DESY-11-240, LPT-ORSAY-11-117",
      SLACcitation   = "%%CITATION = ARXIV:1112.3299;%%"
}

@article{Hardy:2018bph,
      author         = "Hardy, Edward",
      title          = "{Higgs portal dark matter in non-standard cosmological
                        histories}",
      journal        = "JHEP",
      volume         = "06",
      year           = "2018",
      pages          = "043",
      doi            = "10.1007/JHEP06(2018)043",
      eprint         = "1804.06783",
      archivePrefix  = "arXiv",
      primaryClass   = "hep-ph",
      SLACcitation   = "%%CITATION = ARXIV:1804.06783;%%"
}

@article{Bernal:2018ins,
      author         = "Bernal, Nicolás and Cosme, Catarina and Tenkanen, Tommi",
      title          = "{Phenomenology of Self-Interacting Dark Matter in a
                        Matter-Dominated Universe}",
      year           = "2018",
      eprint         = "1803.08064",
      archivePrefix  = "arXiv",
      primaryClass   = "hep-ph",
      reportNumber   = "PI/UAN-2018-622FT, PI-UAN-2018-622FT",
      SLACcitation   = "%%CITATION = ARXIV:1803.08064;%%"
}

@article{Bernal:2018kcw,
      author         = "Bernal, Nicolás and Cosme, Catarina and Tenkanen, Tommi
                        and Vaskonen, Ville",
      title          = "{Scalar singlet dark matter in non-standard cosmologies}",
      year           = "2018",
      eprint         = "1806.11122",
      archivePrefix  = "arXiv",
      primaryClass   = "hep-ph",
      reportNumber   = "PI/UAN-2018-630FT, PI-UAN-2018-630FT",
      SLACcitation   = "%%CITATION = ARXIV:1806.11122;%%"
}

@article{Billard:2013qya,
      author         = "Billard, J. and Strigari, L. and Figueroa-Feliciano, E.",
      title          = "{Implication of neutrino backgrounds on the reach of next
                        generation dark matter direct detection experiments}",
      journal        = "Phys. Rev.",
      volume         = "D89",
      year           = "2014",
      number         = "2",
      pages          = "023524",
      doi            = "10.1103/PhysRevD.89.023524",
      eprint         = "1307.5458",
      archivePrefix  = "arXiv",
      primaryClass   = "hep-ph",
      SLACcitation   = "%%CITATION = ARXIV:1307.5458;%%"
}

@article{Khachatryan:2016whc,
      author         = "Khachatryan, Vardan and others",
      title          = "{Searches for invisible decays of the Higgs boson in pp
                        collisions at $\sqrt{s}$ = 7, 8, and 13 TeV}",
      collaboration  = "CMS",
      journal        = "JHEP",
      volume         = "02",
      year           = "2017",
      pages          = "135",
      doi            = "10.1007/JHEP02(2017)135",
      eprint         = "1610.09218",
      archivePrefix  = "arXiv",
      primaryClass   = "hep-ex",
      reportNumber   = "CMS-HIG-16-016, CERN-EP-2016-240",
      SLACcitation   = "%%CITATION = ARXIV:1610.09218;%%"
}

@article{Aad:2015pla,
      author         = "Aad, Georges and others",
      title          = "{Constraints on new phenomena via Higgs boson couplings
                        and invisible decays with the ATLAS detector}",
      collaboration  = "ATLAS",
      journal        = "JHEP",
      volume         = "11",
      year           = "2015",
      pages          = "206",
      doi            = "10.1007/JHEP11(2015)206",
      eprint         = "1509.00672",
      archivePrefix  = "arXiv",
      primaryClass   = "hep-ex",
      reportNumber   = "CERN-PH-EP-2015-191",
      SLACcitation   = "%%CITATION = ARXIV:1509.00672;%%"
}

@article{Hoferichter:2017olk,
      author         = "Hoferichter, Martin and Klos, Philipp and Menendez,
                        Javier and Schwenk, Achim",
      title          = "{Improved limits for Higgs-portal dark matter from LHC
                        searches}",
      journal        = "Phys. Rev. Lett.",
      volume         = "119",
      year           = "2017",
      number         = "18",
      pages          = "181803",
      doi            = "10.1103/PhysRevLett.119.181803",
      eprint         = "1708.02245",
      archivePrefix  = "arXiv",
      primaryClass   = "hep-ph",
      reportNumber   = "INT-PUB-17-031",
      SLACcitation   = "%%CITATION = ARXIV:1708.02245;%%"
}


@Article{Schael:2006cr,
    author    = "Schael, S. and others",
collaboration = "ALEPH",
    title     = "{Search for neutral MSSM Higgs bosons at LEP}",
    journal   = "Eur. Phys. J.",
    volume    = "C47",
    year      = "2006",
    pages     = "547-587",
    eprint    = "hep-ex/0602042",
    archivePrefix = "arXiv",
    doi       = "10.1140/epjc/s2006-02569-7",
    SLACcitation  = "%%CITATION = HEP-EX/0602042;%%"
}

@Article{Abbiendi:2002qp,
    author    = "Abbiendi, G. and others",
collaboration = "OPAL",
    title     = "{Decay-mode independent searches for new scalar bosons with
                 the OPAL  detector at LEP}",
    journal   = "Eur. Phys. J.",
    volume    = "C27",
    year      = "2003",
    pages     = "311-329",
    eprint    = "hep-ex/0206022",
    archivePrefix = "arXiv",
    doi       = "10.1140/epjc/s2002-01115-1",
    SLACcitation  = "%%CITATION = HEP-EX/0206022;%%"
}

@inproceedings{Searches:2001ab,
      title          = "{Searches for invisible Higgs bosons: Preliminary
                        combined results using LEP data collected at energies up
                        to 209-GeV}",
      booktitle      = "{Lepton and photon interactions at high energies.
                        Proceedings, 20th International Symposium, LP 2001, Rome,
                        Italy, July 23-28, 2001}",
      collaboration  = "ALEPH, DELPHI, L3 and OPAL, LEP working group for Higgs boson searches",
      url            = "https://inspirehep.net/record/559835/files/arXiv:hep-ex_0107032.pdf",
      year           = "2001",
      eprint         = "hep-ex/0107032",
      archivePrefix  = "arXiv",
      primaryClass   = "hep-ex",
      reportNumber   = "LHWG-NOTE-2001-06, ALEPH-2001-036, DELPHI-2001-116,
                        L3-NOTE-2702, OPAL-TN-694",
      SLACcitation   = "%%CITATION = HEP-EX/0107032;%%"
}

@article{Abdallah:2003ry,
      author         = "Abdallah, J. and others",
      title          = "{Searches for invisibly decaying Higgs bosons with the
                        DELPHI detector at LEP}",
      collaboration  = "DELPHI",
      journal        = "Eur. Phys. J.",
      volume         = "C32",
      year           = "2004",
      pages          = "475-492",
      doi            = "10.1140/epjc/s2003-01469-8",
      eprint         = "hep-ex/0401022",
      archivePrefix  = "arXiv",
      primaryClass   = "hep-ex",
      reportNumber   = "CERN-EP-2003-046",
      SLACcitation   = "%%CITATION = HEP-EX/0401022;%%"
}

@article{Achard:2004cf,
      author         = "Achard, P. and others",
      title          = "{Search for an invisibly-decaying Higgs boson at LEP}",
      collaboration  = "L3",
      journal        = "Phys. Lett.",
      volume         = "B609",
      year           = "2005",
      pages          = "35-48",
      doi            = "10.1016/j.physletb.2005.01.030",
      eprint         = "hep-ex/0501033",
      archivePrefix  = "arXiv",
      primaryClass   = "hep-ex",
      reportNumber   = "CERN-PH-EP-2004-055",
      SLACcitation   = "%%CITATION = HEP-EX/0501033;%%"
}

@article{Abbiendi:2007ac,
      author         = "Abbiendi, G. and others",
      title          = "{Search for invisibly decaying Higgs bosons in e+ e- --->
                        Z0 h0 production at s**(1/2) = 183-GeV - 209-GeV}",
      collaboration  = "OPAL",
      journal        = "Phys. Lett.",
      volume         = "B682",
      year           = "2010",
      pages          = "381-390",
      doi            = "10.1016/j.physletb.2009.09.010",
      eprint         = "0707.0373",
      archivePrefix  = "arXiv",
      primaryClass   = "hep-ex",
      reportNumber   = "CERN-PH-EP-2007-018, OPAL-PR421",
      SLACcitation   = "%%CITATION = ARXIV:0707.0373;%%"
}

@article{Angle:2011th,
      author         = "Angle, J. and others",
      title          = "{A search for light dark matter in XENON10 data}",
      collaboration  = "XENON10",
      journal        = "Phys. Rev. Lett.",
      volume         = "107",
      year           = "2011",
      pages          = "051301",
      doi            = "10.1103/PhysRevLett.110.249901,
                        10.1103/PhysRevLett.107.051301",
      note           = "[Erratum: Phys. Rev. Lett.110,249901(2013)]",
      eprint         = "1104.3088",
      archivePrefix  = "arXiv",
      primaryClass   = "astro-ph.CO",
      SLACcitation   = "%%CITATION = ARXIV:1104.3088;%%"
}

@article{Aprile:2012nq,
      author         = "Aprile, E. and others",
      title          = "{Dark Matter Results from 225 Live Days of XENON100
                        Data}",
      collaboration  = "XENON100",
      journal        = "Phys. Rev. Lett.",
      volume         = "109",
      year           = "2012",
      pages          = "181301",
      doi            = "10.1103/PhysRevLett.109.181301",
      eprint         = "1207.5988",
      archivePrefix  = "arXiv",
      primaryClass   = "astro-ph.CO",
      SLACcitation   = "%%CITATION = ARXIV:1207.5988;%%"
}


@article{Aprile:2018dbl,
      author         = "Aprile, E. and others",
      title          = "{Dark Matter Search Results from a One Ton-Year Exposure
                        of XENON1T}",
      collaboration  = "XENON",
      journal        = "Phys. Rev. Lett.",
      volume         = "121",
      year           = "2018",
      number         = "11",
      pages          = "111302",
      doi            = "10.1103/PhysRevLett.121.111302",
      eprint         = "1805.12562",
      archivePrefix  = "arXiv",
      primaryClass   = "astro-ph.CO",
      SLACcitation   = "%%CITATION = ARXIV:1805.12562;%%"
}




@article{Aprile:2015uzo,
      author         = "Aprile, E. and others",
      title          = "{Physics reach of the XENON1T dark matter experiment}",
      collaboration  = "XENON",
      journal        = "JCAP",
      volume         = "1604",
      year           = "2016",
      number         = "04",
      pages          = "027",
      doi            = "10.1088/1475-7516/2016/04/027",
      eprint         = "1512.07501",
      archivePrefix  = "arXiv",
      primaryClass   = "physics.ins-det",
      SLACcitation   = "%%CITATION = ARXIV:1512.07501;%%"
}

@article{Agnese:2016cpb,
      author         = "Agnese, R. and others",
      title          = "{Projected Sensitivity of the SuperCDMS SNOLAB
                        experiment}",
      collaboration  = "SuperCDMS",
      journal        = "Phys. Rev.",
      volume         = "D95",
      year           = "2017",
      number         = "8",
      pages          = "082002",
      doi            = "10.1103/PhysRevD.95.082002",
      eprint         = "1610.00006",
      archivePrefix  = "arXiv",
      primaryClass   = "physics.ins-det",
      reportNumber   = "FERMILAB-PUB-16-467-AE",
      SLACcitation   = "%%CITATION = ARXIV:1610.00006;%%"
}

@article{Savage:2008er,
      author         = "Savage, C. and Gelmini, G. and Gondolo, P. and Freese,
                        K.",
      title          = "{Compatibility of DAMA/LIBRA dark matter detection with
                        other searches}",
      journal        = "JCAP",
      volume         = "0904",
      year           = "2009",
      pages          = "010",
      doi            = "10.1088/1475-7516/2009/04/010",
      eprint         = "0808.3607",
      archivePrefix  = "arXiv",
      primaryClass   = "astro-ph",
      reportNumber   = "FTPI-MINN-08-34, MCTP-08-59",
      SLACcitation   = "%%CITATION = ARXIV:0808.3607;%%"
}

@article{Angloher:2011uu,
      author         = "Angloher, G. and others",
      title          = "{Results from 730 kg days of the CRESST-II Dark Matter
                        Search}",
      journal        = "Eur. Phys. J.",
      volume         = "C72",
      year           = "2012",
      pages          = "1971",
      doi            = "10.1140/epjc/s10052-012-1971-8",
      eprint         = "1109.0702",
      archivePrefix  = "arXiv",
      primaryClass   = "astro-ph.CO",
      SLACcitation   = "%%CITATION = ARXIV:1109.0702;%%"
}

@article{Agnese:2013rvf,
      author         = "Agnese, R. and others",
      title          = "{Silicon Detector Dark Matter Results from the Final
                        Exposure of CDMS II}",
      collaboration  = "CDMS",
      journal        = "Phys. Rev. Lett.",
      volume         = "111",
      year           = "2013",
      number         = "25",
      pages          = "251301",
      doi            = "10.1103/PhysRevLett.111.251301",
      eprint         = "1304.4279",
      archivePrefix  = "arXiv",
      primaryClass   = "hep-ex",
      reportNumber   = "FERMILAB-PUB-13-104-AE-E",
      SLACcitation   = "%%CITATION = ARXIV:1304.4279;%%"
}

@article{Aalseth:2012if,
      author         = "Aalseth, C. E. and others",
      title          = "{CoGeNT: A Search for Low-Mass Dark Matter using p-type
                        Point Contact Germanium Detectors}",
      collaboration  = "CoGeNT",
      journal        = "Phys. Rev.",
      volume         = "D88",
      year           = "2013",
      pages          = "012002",
      doi            = "10.1103/PhysRevD.88.012002",
      eprint         = "1208.5737",
      archivePrefix  = "arXiv",
      primaryClass   = "astro-ph.CO",
      SLACcitation   = "%%CITATION = ARXIV:1208.5737;%%"
}

@article{Englert:2011yb,
      author         = "Englert, Christoph and Plehn, Tilman and Zerwas, Dirk and
                        Zerwas, Peter M.",
      title          = "{Exploring the Higgs portal}",
      journal        = "Phys. Lett.",
      volume         = "B703",
      year           = "2011",
      pages          = "298-305",
      doi            = "10.1016/j.physletb.2011.08.002",
      eprint         = "1106.3097",
      archivePrefix  = "arXiv",
      primaryClass   = "hep-ph",
      SLACcitation   = "%%CITATION = ARXIV:1106.3097;%%"
}

@article{Robens:2015gla,
      author         = "Robens, Tania and Stefaniak, Tim",
      title          = "{Status of the Higgs Singlet Extension of the Standard
                        Model after LHC Run 1}",
      journal        = "Eur. Phys. J.",
      volume         = "C75",
      year           = "2015",
      pages          = "104",
      doi            = "10.1140/epjc/s10052-015-3323-y",
      eprint         = "1501.02234",
      archivePrefix  = "arXiv",
      primaryClass   = "hep-ph",
      reportNumber   = "SCIPP-15-02",
      SLACcitation   = "%%CITATION = ARXIV:1501.02234;%%"
}

@article{Barger:2008jx,
      author         = "Barger, Vernon and Langacker, Paul and McCaskey, Mathew
                        and Ramsey-Musolf, Michael and Shaughnessy, Gabe",
      title          = "{Complex Singlet Extension of the Standard Model}",
      journal        = "Phys. Rev.",
      volume         = "D79",
      year           = "2009",
      pages          = "015018",
      doi            = "10.1103/PhysRevD.79.015018",
      eprint         = "0811.0393",
      archivePrefix  = "arXiv",
      primaryClass   = "hep-ph",
      reportNumber   = "MADPH-08-1516, NUHEP-TH-08-06, ANL-HEP-PR-08-58,
                        NPAC-08-21",
      SLACcitation   = "%%CITATION = ARXIV:0811.0393;%%"
}

@article{McDonald:2008ua,
      author         = "McDonald, John and Sahu, Narendra",
      title          = "{keV Warm Dark Matter via the Supersymmetric Higgs
                        Portal}",
      journal        = "Phys. Rev.",
      volume         = "D79",
      year           = "2009",
      pages          = "103523",
      doi            = "10.1103/PhysRevD.79.103523",
      eprint         = "0809.0247",
      archivePrefix  = "arXiv",
      primaryClass   = "hep-ph",
      SLACcitation   = "%%CITATION = ARXIV:0809.0247;%%"
}

@article{McDonald:2008up,
      author         = "McDonald, John and Sahu, Narendra",
      title          = "{Z(2)-Singlino Dark Matter in a Portal-Like Extension of
                        the Minimal Supersymmetric Standard Model}",
      journal        = "JCAP",
      volume         = "0806",
      year           = "2008",
      pages          = "026",
      doi            = "10.1088/1475-7516/2008/06/026",
      eprint         = "0802.3847",
      archivePrefix  = "arXiv",
      primaryClass   = "hep-ph",
      SLACcitation   = "%%CITATION = ARXIV:0802.3847;%%"
}

@article{ArkaniHamed:2006mb,
      author         = "Arkani-Hamed, N. and Delgado, A. and Giudice, G. F.",
      title          = "{The Well-tempered neutralino}",
      journal        = "Nucl. Phys.",
      volume         = "B741",
      year           = "2006",
      pages          = "108-130",
      doi            = "10.1016/j.nuclphysb.2006.02.010",
      eprint         = "hep-ph/0601041",
      archivePrefix  = "arXiv",
      primaryClass   = "hep-ph",
      reportNumber   = "CERN-PH-TH-2005-260",
      SLACcitation   = "%%CITATION = HEP-PH/0601041;%%"
}

@article{Cohen:2011ec,
      author         = "Cohen, Timothy and Kearney, John and Pierce, Aaron and
                        Tucker-Smith, David",
      title          = "{Singlet-Doublet Dark Matter}",
      journal        = "Phys. Rev.",
      volume         = "D85",
      year           = "2012",
      pages          = "075003",
      doi            = "10.1103/PhysRevD.85.075003",
      eprint         = "1109.2604",
      archivePrefix  = "arXiv",
      primaryClass   = "hep-ph",
      reportNumber   = "MCTP-11-33, SLAC-PUB-14584",
      SLACcitation   = "%%CITATION = ARXIV:1109.2604;%%"
}

@article{Silveira:1985rk,
      author         = "Silveira, Vanda and Zee, A.",
      title          = "{SCALAR PHANTOMS}",
      journal        = "Phys. Lett.",
      volume         = "161B",
      year           = "1985",
      pages          = "136-140",
      doi            = "10.1016/0370-2693(85)90624-0",
      reportNumber   = "DOE-ER-40048-13 P5",
      SLACcitation   = "%%CITATION = PHLTA,161B,136;%%"
}

@article{Lebedev:2011iq,
      author         = "Lebedev, Oleg and Lee, Hyun Min and Mambrini, Yann",
      title          = "{Vector Higgs-portal dark matter and the invisible
                        Higgs}",
      journal        = "Phys. Lett.",
      volume         = "B707",
      year           = "2012",
      pages          = "570-576",
      doi            = "10.1016/j.physletb.2012.01.029",
      eprint         = "1111.4482",
      archivePrefix  = "arXiv",
      primaryClass   = "hep-ph",
      reportNumber   = "CERN-PH-TH-2011-271, DESY-11-202, LPTORSAY-11-90",
      SLACcitation   = "%%CITATION = ARXIV:1111.4482;%%"
}

@article{Bai:2012nv,
      author         = "Bai, Yang and Barger, Vernon and Everett, Lisa L. and
                        Shaughnessy, Gabe",
      title          = "{Two-Higgs-doublet-portal dark-matter model: LHC data and
                        Fermi-LAT 135 GeV line}",
      journal        = "Phys. Rev.",
      volume         = "D88",
      year           = "2013",
      pages          = "015008",
      doi            = "10.1103/PhysRevD.88.015008",
      eprint         = "1212.5604",
      archivePrefix  = "arXiv",
      primaryClass   = "hep-ph",
      SLACcitation   = "%%CITATION = ARXIV:1212.5604;%%"
}

@article{Kim:2006af,
      author         = "Kim, Yeong Gyun and Lee, Kang Young",
      title          = "{The Minimal model of fermionic dark matter}",
      journal        = "Phys. Rev.",
      volume         = "D75",
      year           = "2007",
      pages          = "115012",
      doi            = "10.1103/PhysRevD.75.115012",
      eprint         = "hep-ph/0611069",
      archivePrefix  = "arXiv",
      primaryClass   = "hep-ph",
      reportNumber   = "KAIST-TH-2006-04",
      SLACcitation   = "%%CITATION = HEP-PH/0611069;%%"
}

@article{Berlin:2015wwa,
      author         = "Berlin, Asher and Gori, Stefania and Lin, Tongyan and
                        Wang, Lian-Tao",
      title          = "{Pseudoscalar Portal Dark Matter}",
      journal        = "Phys. Rev.",
      volume         = "D92",
      year           = "2015",
      pages          = "015005",
      doi            = "10.1103/PhysRevD.92.015005",
      eprint         = "1502.06000",
      archivePrefix  = "arXiv",
      primaryClass   = "hep-ph",
      reportNumber   = "EFI-15-9",
      SLACcitation   = "%%CITATION = ARXIV:1502.06000;%%"
}

@article{Goudelis:2013uca,
      author         = "Goudelis, A. and Herrmann, B. and St{\aa}l, O.",
      title          = "{Dark matter in the Inert Doublet Model after the
                        discovery of a Higgs-like boson at the LHC}",
      journal        = "JHEP",
      volume         = "09",
      year           = "2013",
      pages          = "106",
      doi            = "10.1007/JHEP09(2013)106",
      eprint         = "1303.3010",
      archivePrefix  = "arXiv",
      primaryClass   = "hep-ph",
      reportNumber   = "LAPTH-006-13",
      SLACcitation   = "%%CITATION = ARXIV:1303.3010;%%"
}

@article{Khachatryan:2016vau,
      author         = "Aad, Georges and others",
      title          = "{Measurements of the Higgs boson production and decay
                        rates and constraints on its couplings from a combined
                        ATLAS and CMS analysis of the LHC pp collision data at $
                        \sqrt{s}=7 $ and 8 TeV}",
      collaboration  = "ATLAS, CMS",
      journal        = "JHEP",
      volume         = "08",
      year           = "2016",
      pages          = "045",
      doi            = "10.1007/JHEP08(2016)045",
      eprint         = "1606.02266",
      archivePrefix  = "arXiv",
      primaryClass   = "hep-ex",
      reportNumber   = "CERN-EP-2016-100, ATLAS-HIGG-2015-07, CMS-HIG-15-002",
      SLACcitation   = "%%CITATION = ARXIV:1606.02266;%%"
}

@article{Tang:2015uha,
      author         = "Tang, Yi-Lei and Zhang, Chen and Zhu, Shou-hua",
      title          = "{Invisible Higgs Decay at the LHeC}",
      journal        = "Phys. Rev.",
      volume         = "D94",
      year           = "2016",
      number         = "1",
      pages          = "011702",
      doi            = "10.1103/PhysRevD.94.011702",
      eprint         = "1508.01095",
      archivePrefix  = "arXiv",
      primaryClass   = "hep-ph",
      SLACcitation   = "%%CITATION = ARXIV:1508.01095;%%"
}

@article{Sjostrand:2014zea,
      author         = "Sj{\"o}strand, Torbj{\"o}rn and Ask, Stefan and Christiansen,
                        Jesper R. and Corke, Richard and Desai, Nishita and Ilten, Philip and Mrenna, Stephen and Prestel, Stefan and
                        Rasmussen, Christine O. and Skands, Peter Z.",
      title          = "An introduction to {PYTHIA 8.2}",
      journal        = "Comput. Phys. Commun.",
      volume         = "191",
      year           = "2015",
      pages          = "159",
      doi            = "10.1016/j.cpc.2015.01.024",
      eprint         = "1410.3012",
      archivePrefix  = "arXiv",
      primaryClass   = "hep-ph",
      reportNumber   = "LU-TP-14-36, MCNET-14-22, CERN-PH-TH-2014-190,
                        FERMILAB-PUB-14-316-CD, DESY-14-178, SLAC-PUB-16122,
                        --FERMILAB-PUB-14-316-CD",
      SLACcitation   = "%%CITATION = ARXIV:1410.3012;%%"
}
