% -- include here the bibtex style bibliography items for your section

@article{Bower:2002zx,
      author         = "Bower, G. R. and Pierzchala, T. and Was, Z. and Worek,
                        M.",
      title          = "{Measuring the Higgs boson's parity using tau ---> rho
                        nu}",
      journal        = "Phys. Lett.",
      volume         = "B543",
      year           = "2002",
      pages          = "227-234",
      doi            = "10.1016/S0370-2693(02)02445-0",
      eprint         = "hep-ph/0204292",
      archivePrefix  = "arXiv",
      primaryClass   = "hep-ph",
      reportNumber   = "SLAC-PUB-9154, CERN-TH-2002-054",
      SLACcitation   = "%%CITATION = HEP-PH/0204292;%%"
}

@article{Desch:2003mw,
      author         = "Desch, K. and Was, Z. and Worek, M.",
      title          = "{Measuring the Higgs boson parity at a linear collider
                        using the tau impact parameter and tau ---> rho nu decay}",
      journal        = "Eur. Phys. J.",
      volume         = "C29",
      year           = "2003",
      pages          = "491-496",
      doi            = "10.1140/epjc/s2003-01231-4",
      eprint         = "hep-ph/0302046",
      archivePrefix  = "arXiv",
      primaryClass   = "hep-ph",
      reportNumber   = "LC-PHSM-2003-003, CERN-TH-2003-009, TTP-03-01",
      SLACcitation   = "%%CITATION = HEP-PH/0302046;%%"
}

@article{Desch:2003rw,
      author         = "Desch, K. and Imhof, A. and Was, Z. and Worek, M.",
      title          = "{Probing the CP nature of the Higgs boson at linear
                        colliders with tau spin correlations: The Case of mixed
                        scalar - pseudoscalar couplings}",
      journal        = "Phys. Lett.",
      volume         = "B579",
      year           = "2004",
      pages          = "157-164",
      doi            = "10.1016/j.physletb.2003.10.074",
      eprint         = "hep-ph/0307331",
      archivePrefix  = "arXiv",
      primaryClass   = "hep-ph",
      reportNumber   = "CERN-TH-2003-166",
      SLACcitation   = "%%CITATION = HEP-PH/0307331;%%"
}

@article{Harnik:2013aja,
      author         = "Harnik, Roni and Martin, Adam and Okui, Takemichi and
                        Primulando, Reinard and Yu, Felix",
      title          = "{Measuring CP violation in $h \to \tau^+ \tau^-$ at
                        colliders}",
      journal        = "Phys. Rev.",
      volume         = "D88",
      year           = "2013",
      number         = "7",
      pages          = "076009",
      doi            = "10.1103/PhysRevD.88.076009",
      eprint         = "1308.1094",
      archivePrefix  = "arXiv",
      primaryClass   = "hep-ph",
      reportNumber   = "CERN-PH-TH-2013-181, FERMILAB-PUB-13-296-T",
      SLACcitation   = "%%CITATION = ARXIV:1308.1094;%%"
}

@article{Askew:2015mda,
      author         = "Askew, Andrew and Jaiswal, Prerit and Okui, Takemichi and
                        Prosper, Harrison B. and Sato, Nobuo",
      title          = "{Prospect for measuring the CP phase in the $h\tau\tau$
                        coupling at the LHC}",
      journal        = "Phys. Rev.",
      volume         = "D91",
      year           = "2015",
      number         = "7",
      pages          = "075014",
      doi            = "10.1103/PhysRevD.91.075014",
      eprint         = "1501.03156",
      archivePrefix  = "arXiv",
      primaryClass   = "hep-ph",
      reportNumber   = "JLAB-THY-15-2000",
      SLACcitation   = "%%CITATION = ARXIV:1501.03156;%%"
}

@article{Jozefowicz:2016kvz,
      author         = "JÃ³zefowicz, R. and Richter-Was, E. and Was, Z.",
      title          = "{Potential for optimizing the Higgs boson CP measurement
                        in H $\to \tau \tau$ decays at the LHC including machine
                        learning techniques}",
      journal        = "Phys. Rev.",
      volume         = "D94",
      year           = "2016",
      number         = "9",
      pages          = "093001",
      doi            = "10.1103/PhysRevD.94.093001",
      eprint         = "1608.02609",
      archivePrefix  = "arXiv",
      primaryClass   = "hep-ph",
      reportNumber   = "IFJ-PAN-IV-2016-19",
      SLACcitation   = "%%CITATION = ARXIV:1608.02609;%%"
}

@article{Berge:2008wi,
      author         = "Berge, Stefan and Bernreuther, Werner and Ziethe, Jorg",
      title          = "{Determining the CP parity of Higgs bosons at the LHC in
                        their tau decay channels}",
      journal        = "Phys. Rev. Lett.",
      volume         = "100",
      year           = "2008",
      pages          = "171605",
      doi            = "10.1103/PhysRevLett.100.171605",
      eprint         = "0801.2297",
      archivePrefix  = "arXiv",
      primaryClass   = "hep-ph",
      reportNumber   = "PITHA-08-01",
      SLACcitation   = "%%CITATION = ARXIV:0801.2297;%%"
}

@article{Berge:2008dr,
      author         = "Berge, Stefan and Bernreuther, Werner",
      title          = "{Determining the CP parity of Higgs bosons at the LHC in
                        the tau to 1-prong decay channels}",
      journal        = "Phys. Lett.",
      volume         = "B671",
      year           = "2009",
      pages          = "470-476",
      doi            = "10.1016/j.physletb.2008.12.065",
      eprint         = "0812.1910",
      archivePrefix  = "arXiv",
      primaryClass   = "hep-ph",
      reportNumber   = "PITHA-08-29, MZ-TH-08-38",
      SLACcitation   = "%%CITATION = ARXIV:0812.1910;%%"
}

@article{Berge:2011ij,
      author         = "Berge, S. and Bernreuther, W. and Niepelt, B. and
                        Spiesberger, H.",
      title          = "{How to pin down the CP quantum numbers of a Higgs boson
                        in its tau decays at the LHC}",
      journal        = "Phys. Rev.",
      volume         = "D84",
      year           = "2011",
      pages          = "116003",
      doi            = "10.1103/PhysRevD.84.116003",
      eprint         = "1108.0670",
      archivePrefix  = "arXiv",
      primaryClass   = "hep-ph",
      SLACcitation   = "%%CITATION = ARXIV:1108.0670;%%"
}


@article{Yu:2016rvv,
      author         = "Yu, Felix",
      title          = "{Phenomenology of Enhanced Light Quark Yukawa Couplings
                        and the $W^\pm h$ Charge Asymmetry}",
      journal        = "JHEP",
      volume         = "02",
      year           = "2017",
      pages          = "083",
      doi            = "10.1007/JHEP02(2017)083",
      eprint         = "1609.06592",
      archivePrefix  = "arXiv",
      primaryClass   = "hep-ph",
      reportNumber   = "MITP-16-040",
      SLACcitation   = "%%CITATION = ARXIV:1609.06592;%%"
}

@article{CMS-PAS-HIG-15-002,
      author         = "CMS Collaboration",
      title          = "{Measurements of the Higgs boson production and decay
                        rates and constraints on its couplings from a combined
                        ATLAS and CMS analysis of the LHC pp collision data at
                        sqrt s = 7 and 8 TeV}",
      collaboration  = "CMS",
      year           = "2015",
      reportNumber   = "CMS-PAS-HIG-15-002",
      SLACcitation   = "%%CITATION = CMS-PAS-HIG-15-002;%%"
}


@article{Perez:2015aoa,
      author         = "Perez, Gilad and Soreq, Yotam and Stamou, Emmanuel and
                        Tobioka, Kohsaku",
      title          = "{Constraining the charm Yukawa and Higgs-quark coupling
                        universality}",
      journal        = "Phys. Rev.",
      volume         = "D92",
      year           = "2015",
      number         = "3",
      pages          = "033016",
      doi            = "10.1103/PhysRevD.92.033016",
      eprint         = "1503.00290",
      archivePrefix  = "arXiv",
      primaryClass   = "hep-ph",
      reportNumber   = "KEK-TH-1813",
      SLACcitation   = "%%CITATION = ARXIV:1503.00290;%%"
}


@article{Kagan:2014ila,
      author         = "Kagan, Alexander L. and Perez, Gilad and Petriello, Frank
                        and Soreq, Yotam and Stoynev, Stoyan and Zupan, Jure",
      title          = "{Exclusive Window onto Higgs Yukawa Couplings}",
      journal        = "Phys. Rev. Lett.",
      volume         = "114",
      year           = "2015",
      number         = "10",
      pages          = "101802",
      doi            = "10.1103/PhysRevLett.114.101802",
      eprint         = "1406.1722",
      archivePrefix  = "arXiv",
      primaryClass   = "hep-ph",
      SLACcitation   = "%%CITATION = ARXIV:1406.1722;%%"
}


@article{Perez:2015lra,
      author         = "Perez, Gilad and Soreq, Yotam and Stamou, Emmanuel and
                        Tobioka, Kohsaku",
      title          = "{Prospects for measuring the Higgs boson coupling to
                        light quarks}",
      journal        = "Phys. Rev.",
      volume         = "D93",
      year           = "2016",
      number         = "1",
      pages          = "013001",
      doi            = "10.1103/PhysRevD.93.013001",
      eprint         = "1505.06689",
      archivePrefix  = "arXiv",
      primaryClass   = "hep-ph",
      SLACcitation   = "%%CITATION = ARXIV:1505.06689;%%"
}


@article{Brivio:2015fxa,
      author         = "Brivio, Ilaria and Goertz, Florian and Isidori, Gino",
      title          = "{Probing the Charm Quark Yukawa Coupling in Higgs+Charm
                        Production}",
      journal        = "Phys. Rev. Lett.",
      volume         = "115",
      year           = "2015",
      number         = "21",
      pages          = "211801",
      doi            = "10.1103/PhysRevLett.115.211801",
      eprint         = "1507.02916",
      archivePrefix  = "arXiv",
      primaryClass   = "hep-ph",
      reportNumber   = "CERN-PH-TH-2015-160, FTUAM-15-19, IFT-UAM-CSIC-15-068,
                        ZU-TH-23-15",
      SLACcitation   = "%%CITATION = ARXIV:1507.02916;%%"
}



%%% contains utf-8, see: https://inspirehep.net/info/faq/general#utf8
%%% add \usepackage[utf8]{inputenc} to your latex preamble

@article{Koenig:2015pha,
      author         = "KÃ¶nig, Matthias and Neubert, Matthias",
      title          = "{Exclusive Radiative Higgs Decays as Probes of
                        Light-Quark Yukawa Couplings}",
      journal        = "JHEP",
      volume         = "08",
      year           = "2015",
      pages          = "012",
      doi            = "10.1007/JHEP08(2015)012",
      eprint         = "1505.03870",
      archivePrefix  = "arXiv",
      primaryClass   = "hep-ph",
      reportNumber   = "MITP-15-031",
      SLACcitation   = "%%CITATION = ARXIV:1505.03870;%%"
}



%%% contains utf-8, see: https://inspirehep.net/info/faq/general#utf8
%%% add \usepackage[utf8]{inputenc} to your latex preamble

@article{Aad:2015sda,
      author         = "Aad, Georges and others",
      title          = "{Search for Higgs and Z Boson Decays to J/ÏÎ³ and
                        $\Upsilon(nS)\gamma$ with the ATLAS Detector}",
      collaboration  = "ATLAS",
      journal        = "Phys. Rev. Lett.",
      volume         = "114",
      year           = "2015",
      number         = "12",
      pages          = "121801",
      doi            = "10.1103/PhysRevLett.114.121801",
      eprint         = "1501.03276",
      archivePrefix  = "arXiv",
      primaryClass   = "hep-ex",
      reportNumber   = "CERN-PH-EP-2014-294",
      SLACcitation   = "%%CITATION = ARXIV:1501.03276;%%"
}


@article{Bodwin:2014bpa,
      author         = "Bodwin, Geoffrey T. and Chung, Hee Sok and Ee, June-Haak
                        and Lee, Jungil and Petriello, Frank",
      title          = "{Relativistic corrections to Higgs boson decays to
                        quarkonia}",
      journal        = "Phys. Rev.",
      volume         = "D90",
      year           = "2014",
      number         = "11",
      pages          = "113010",
      doi            = "10.1103/PhysRevD.90.113010",
      eprint         = "1407.6695",
      archivePrefix  = "arXiv",
      primaryClass   = "hep-ph",
      SLACcitation   = "%%CITATION = ARXIV:1407.6695;%%"
}


@article{Bodwin:2013gca,
      author         = "Bodwin, Geoffrey T. and Petriello, Frank and Stoynev,
                        Stoyan and Velasco, Mayda",
      title          = "{Higgs boson decays to quarkonia and the $H\bar{c}c$ 
                        coupling}",
      journal        = "Phys. Rev.",
      volume         = "D88",
      year           = "2013",
      number         = "5",
      pages          = "053003",
      doi            = "10.1103/PhysRevD.88.053003",
      eprint         = "1306.5770",
      archivePrefix  = "arXiv",
      primaryClass   = "hep-ph",
      SLACcitation   = "%%CITATION = ARXIV:1306.5770;%%"
}


@article{Brod:2013cka,
      author         = "Brod, Joachim and Haisch, Ulrich and Zupan, Jure",
      title          = "{Constraints on CP-violating Higgs couplings to the third
                        generation}",
      journal        = "JHEP",
      volume         = "11",
      year           = "2013",
      pages          = "180",
      doi            = "10.1007/JHEP11(2013)180",
      eprint         = "1310.1385",
      archivePrefix  = "arXiv",
      primaryClass   = "hep-ph",
      reportNumber   = "NSF-KITP-13-229",
      SLACcitation   = "%%CITATION = ARXIV:1310.1385;%%"
}


@article{Chien:2015xha,
      author         = "Chien, Y. T. and Cirigliano, V. and Dekens, W. and de
                        Vries, J. and Mereghetti, E.",
      title          = "{Direct and indirect constraints on CP-violating
                        Higgs-quark and Higgs-gluon interactions}",
      journal        = "JHEP",
      volume         = "02",
      year           = "2016",
      pages          = "011",
      doi            = "10.1007/JHEP02(2016)011",
      note           = "[JHEP02,011(2016)]",
      eprint         = "1510.00725",
      archivePrefix  = "arXiv",
      primaryClass   = "hep-ph",
      reportNumber   = "LA-UR-15-27548",
      SLACcitation   = "%%CITATION = ARXIV:1510.00725;%%"
}


@article{Altmannshofer:2015qra,
      author         = "Altmannshofer, Wolfgang and Brod, Joachim and Schmaltz,
                        Martin",
      title          = "{Experimental constraints on the coupling of the Higgs
                        boson to electrons}",
      journal        = "JHEP",
      volume         = "05",
      year           = "2015",
      pages          = "125",
      doi            = "10.1007/JHEP05(2015)125",
      eprint         = "1503.04830",
      archivePrefix  = "arXiv",
      primaryClass   = "hep-ph",
      reportNumber   = "MITP-15-010",
      SLACcitation   = "%%CITATION = ARXIV:1503.04830;%%"
}


@article{Harnik:2012pb,
      author         = "Harnik, Roni and Kopp, Joachim and Zupan, Jure",
      title          = "{Flavor Violating Higgs Decays}",
      journal        = "JHEP",
      volume         = "03",
      year           = "2013",
      pages          = "026",
      doi            = "10.1007/JHEP03(2013)026",
      eprint         = "1209.1397",
      archivePrefix  = "arXiv",
      primaryClass   = "hep-ph",
      reportNumber   = "FERMILAB-PUB-12-498-T",
      SLACcitation   = "%%CITATION = ARXIV:1209.1397;%%"
}


@article{Blankenburg:2012ex,
      author         = "Blankenburg, Gianluca and Ellis, John and Isidori, Gino",
      title          = "{Flavour-Changing Decays of a 125 GeV Higgs-like
                        Particle}",
      journal        = "Phys. Lett.",
      volume         = "B712",
      year           = "2012",
      pages          = "386-390",
      doi            = "10.1016/j.physletb.2012.05.007",
      eprint         = "1202.5704",
      archivePrefix  = "arXiv",
      primaryClass   = "hep-ph",
      reportNumber   = "CERN-PH-TH-2012-049, KCL-PH-TH-2012-09, LCTS-2012-05",
      SLACcitation   = "%%CITATION = ARXIV:1202.5704;%%"
}


@article{Gorbahn:2014sha,
      author         = "Gorbahn, Martin and Haisch, Ulrich",
      title          = "{Searching for $t \to c(u)h$ with dipole moments}",
      journal        = "JHEP",
      volume         = "06",
      year           = "2014",
      pages          = "033",
      doi            = "10.1007/JHEP06(2014)033",
      eprint         = "1404.4873",
      archivePrefix  = "arXiv",
      primaryClass   = "hep-ph",
      reportNumber   = "LTH-1006",
      SLACcitation   = "%%CITATION = ARXIV:1404.4873;%%"
}


@article{CMS:2015udp,
      author         = "CMS Collaboration",
      title          = "{Search for lepton-flavour-violating decays of the Higgs
                        boson to etau and emu at sqrt(s)=8 TeV}",
      collaboration  = "CMS",
      year           = "2015",
      reportNumber   = "CMS-PAS-HIG-14-040",
      SLACcitation   = "%%CITATION = CMS-PAS-HIG-14-040;%%"
}



%%% contains utf-8, see: https://inspirehep.net/info/faq/general#utf8
%%% add \usepackage[utf8]{inputenc} to your latex preamble

@article{Aad:2015gha,
      author         = "Aad, Georges and others",
      title          = "{Search for lepton-flavour-violating H â Î¼Ï decays of
                        the Higgs boson with the ATLAS detector}",
      collaboration  = "ATLAS",
      journal        = "JHEP",
      volume         = "11",
      year           = "2015",
      pages          = "211",
      doi            = "10.1007/JHEP11(2015)211",
      eprint         = "1508.03372",
      archivePrefix  = "arXiv",
      primaryClass   = "hep-ex",
      reportNumber   = "CERN-PH-EP-2015-184",
      SLACcitation   = "%%CITATION = ARXIV:1508.03372;%%"
}


@article{Khachatryan:2015kon,
      author         = "Khachatryan, Vardan and others",
      title          = "{Search for Lepton-Flavour-Violating Decays of the Higgs
                        Boson}",
      collaboration  = "CMS",
      journal        = "Phys. Lett.",
      volume         = "B749",
      year           = "2015",
      pages          = "337-362",
      doi            = "10.1016/j.physletb.2015.07.053",
      eprint         = "1502.07400",
      archivePrefix  = "arXiv",
      primaryClass   = "hep-ex",
      reportNumber   = "CMS-HIG-14-005, CERN-PH-EP-2015-027",
      SLACcitation   = "%%CITATION = ARXIV:1502.07400;%%"
}


@article{Bishara:2015cha,
      author         = "Bishara, Fady and Brod, Joachim and Uttayarat, Patipan
                        and Zupan, Jure",
      title          = "{Nonstandard Yukawa Couplings and Higgs Portal Dark
                        Matter}",
      journal        = "JHEP",
      volume         = "01",
      year           = "2016",
      pages          = "010",
      doi            = "10.1007/JHEP01(2016)010",
      eprint         = "1504.04022",
      archivePrefix  = "arXiv",
      primaryClass   = "hep-ph",
      reportNumber   = "FERMILAB-PUB-15-134-T, MITP-15-020",
      SLACcitation   = "%%CITATION = ARXIV:1504.04022;%%"
}



%%% contains utf-8, see: https://inspirehep.net/info/faq/general#utf8
%%% add \usepackage[utf8]{inputenc} to your latex preamble

@article{Dery:2014kxa,
      author         = "Dery, Avital and Efrati, Aielet and Nir, Yosef and Soreq,
                        Yotam and SusiÄ, Vasja",
      title          = "{Model building for flavor changing Higgs couplings}",
      journal        = "Phys. Rev.",
      volume         = "D90",
      year           = "2014",
      pages          = "115022",
      doi            = "10.1103/PhysRevD.90.115022",
      eprint         = "1408.1371",
      archivePrefix  = "arXiv",
      primaryClass   = "hep-ph",
      SLACcitation   = "%%CITATION = ARXIV:1408.1371;%%"
}


@article{Dery:2013aba,
      author         = "Dery, Avital and Efrati, Aielet and Hiller, Gudrun and
                        Hochberg, Yonit and Nir, Yosef",
      title          = "{Higgs couplings to fermions: 2HDM with MFV}",
      journal        = "JHEP",
      volume         = "08",
      year           = "2013",
      pages          = "006",
      doi            = "10.1007/JHEP08(2013)006",
      eprint         = "1304.6727",
      archivePrefix  = "arXiv",
      primaryClass   = "hep-ph",
      reportNumber   = "DO-TH-13-12",
      SLACcitation   = "%%CITATION = ARXIV:1304.6727;%%"
}


@article{Dery:2013rta,
      author         = "Dery, Avital and Efrati, Aielet and Hochberg, Yonit and
                        Nir, Yosef",
      title          = "{What if $BR(h\to\mu\mu)/BR(h\to\tau\tau)$
                  does not equal $m_\mu^2/m_\tau^2$?}",
      journal        = "JHEP",
      volume         = "05",
      year           = "2013",
      pages          = "039",
      doi            = "10.1007/JHEP05(2013)039",
      eprint         = "1302.3229",
      archivePrefix  = "arXiv",
      primaryClass   = "hep-ph",
      SLACcitation   = "%%CITATION = ARXIV:1302.3229;%%"
}


@article{Bauer:2015kzy,
      author         = "Bauer, Martin and Carena, Marcela and Gemmler, Katrin",
      title          = "{Creating the fermion mass hierarchies with multiple
                        Higgs bosons}",
      journal        = "Phys. Rev.",
      volume         = "D94",
      year           = "2016",
      number         = "11",
      pages          = "115030",
      doi            = "10.1103/PhysRevD.94.115030",
      eprint         = "1512.03458",
      archivePrefix  = "arXiv",
      primaryClass   = "hep-ph",
      reportNumber   = "FERMILAB-PUB-15-537-T",
      SLACcitation   = "%%CITATION = ARXIV:1512.03458;%%"
}


@article{Glashow:1976nt,
      author         = "Glashow, Sheldon L. and Weinberg, Steven",
      title          = "{Natural Conservation Laws for Neutral Currents}",
      journal        = "Phys. Rev.",
      volume         = "D15",
      year           = "1977",
      pages          = "1958",
      doi            = "10.1103/PhysRevD.15.1958",
      reportNumber   = "HUTP-76-A158",
      SLACcitation   = "%%CITATION = PHRVA,D15,1958;%%"
}


@article{Paschos:1976ay,
      author         = "Paschos, E. A.",
      title          = "{Diagonal Neutral Currents}",
      journal        = "Phys. Rev.",
      volume         = "D15",
      year           = "1977",
      pages          = "1966",
      doi            = "10.1103/PhysRevD.15.1966",
      reportNumber   = "BNL-21870",
      SLACcitation   = "%%CITATION = PHRVA,D15,1966;%%"
}


@article{Froggatt:1978nt,
      author         = "Froggatt, C. D. and Nielsen, Holger Bech",
      title          = "{Hierarchy of Quark Masses, Cabibbo Angles and CP
                        Violation}",
      journal        = "Nucl. Phys.",
      volume         = "B147",
      year           = "1979",
      pages          = "277-298",
      doi            = "10.1016/0550-3213(79)90316-X",
      reportNumber   = "CERN-TH-2519",
      SLACcitation   = "%%CITATION = NUPHA,B147,277;%%"
}


@article{Giudice:2008uua,
      author         = "Giudice, Gian F. and Lebedev, Oleg",
      title          = "{Higgs-dependent Yukawa couplings}",
      journal        = "Phys. Lett.",
      volume         = "B665",
      year           = "2008",
      pages          = "79-85",
      doi            = "10.1016/j.physletb.2008.05.062",
      eprint         = "0804.1753",
      archivePrefix  = "arXiv",
      primaryClass   = "hep-ph",
      reportNumber   = "CERN-PH-TH-2008-069",
      SLACcitation   = "%%CITATION = ARXIV:0804.1753;%%"
}


@article{D'Ambrosio:2002ex,
      author         = "D'Ambrosio, G. and Giudice, G. F. and Isidori, G. and
                        Strumia, A.",
      title          = "{Minimal flavor violation: An Effective field theory
                        approach}",
      journal        = "Nucl. Phys.",
      volume         = "B645",
      year           = "2002",
      pages          = "155-187",
      doi            = "10.1016/S0550-3213(02)00836-2",
      eprint         = "hep-ph/0207036",
      archivePrefix  = "arXiv",
      primaryClass   = "hep-ph",
      reportNumber   = "CERN-TH-2002-147, IFUP-TH-2002-17",
      SLACcitation   = "%%CITATION = HEP-PH/0207036;%%"
}


@article{Randall:1999ee,
      author         = "Randall, Lisa and Sundrum, Raman",
      title          = "{A Large mass hierarchy from a small extra dimension}",
      journal        = "Phys. Rev. Lett.",
      volume         = "83",
      year           = "1999",
      pages          = "3370-3373",
      doi            = "10.1103/PhysRevLett.83.3370",
      eprint         = "hep-ph/9905221",
      archivePrefix  = "arXiv",
      primaryClass   = "hep-ph",
      reportNumber   = "MIT-CTP-2860, PUPT-1860, BUHEP-99-9",
      SLACcitation   = "%%CITATION = HEP-PH/9905221;%%"
}


@article{Dugan:1984hq,
      author         = "Dugan, Michael J. and Georgi, Howard and Kaplan, David
                        B.",
      title          = "{Anatomy of a Composite Higgs Model}",
      journal        = "Nucl. Phys.",
      volume         = "B254",
      year           = "1985",
      pages          = "299-326",
      doi            = "10.1016/0550-3213(85)90221-4",
      reportNumber   = "HUTP-84/A073",
      SLACcitation   = "%%CITATION = NUPHA,B254,299;%%"
}


@article{Georgi:1984ef,
      author         = "Georgi, Howard and Kaplan, David B. and Galison, Peter",
      title          = "{Calculation of the Composite Higgs Mass}",
      journal        = "Phys. Lett.",
      volume         = "143B",
      year           = "1984",
      pages          = "152-154",
      doi            = "10.1016/0370-2693(84)90823-2",
      reportNumber   = "HUTP-84/A018",
      SLACcitation   = "%%CITATION = PHLTA,143B,152;%%"
}


@article{Kaplan:1983sm,
      author         = "Kaplan, David B. and Georgi, Howard and Dimopoulos,
                        Savas",
      title          = "{Composite Higgs Scalars}",
      journal        = "Phys. Lett.",
      volume         = "136B",
      year           = "1984",
      pages          = "187-190",
      doi            = "10.1016/0370-2693(84)91178-X",
      reportNumber   = "HUTP-83/A079",
      SLACcitation   = "%%CITATION = PHLTA,136B,187;%%"
}


@article{Kaplan:1983fs,
      author         = "Kaplan, David B. and Georgi, Howard",
      title          = "{SU(2) x U(1) Breaking by Vacuum Misalignment}",
      journal        = "Phys. Lett.",
      volume         = "136B",
      year           = "1984",
      pages          = "183-186",
      doi            = "10.1016/0370-2693(84)91177-8",
      reportNumber   = "HUTP-83/A069",
      SLACcitation   = "%%CITATION = PHLTA,136B,183;%%"
}


@article{AguilarSaavedra:2009mx,
      author         = "Aguilar-Saavedra, J. A.",
      title          = "{A Minimal set of top-Higgs anomalous couplings}",
      journal        = "Nucl. Phys.",
      volume         = "B821",
      year           = "2009",
      pages          = "215-227",
      doi            = "10.1016/j.nuclphysb.2009.06.022",
      eprint         = "0904.2387",
      archivePrefix  = "arXiv",
      primaryClass   = "hep-ph",
      SLACcitation   = "%%CITATION = ARXIV:0904.2387;%%"
}


@article{Chivukula:1987py,
      author         = "Chivukula, R. Sekhar and Georgi, Howard",
      title          = "{Composite Technicolor Standard Model}",
      journal        = "Phys. Lett.",
      volume         = "B188",
      year           = "1987",
      pages          = "99-104",
      doi            = "10.1016/0370-2693(87)90713-1",
      reportNumber   = "BUHEP-87-2, HUTP-87/A003",
      SLACcitation   = "%%CITATION = PHLTA,B188,99;%%"
}


@article{Gabrielli:1994ff,
      author         = "Gabrielli, E. and Giudice, G. F.",
      title          = "{Supersymmetric corrections to epsilon prime / epsilon at
                        the leading order in QCD and QED}",
      journal        = "Nucl. Phys.",
      volume         = "B433",
      year           = "1995",
      pages          = "3-25",
      doi            = "10.1016/S0550-3213(97)00593-2,
                        10.1016/0550-3213(94)00400-9",
      note           = "[Erratum: Nucl. Phys.B507,549(1997)]",
      eprint         = "hep-lat/9407029",
      archivePrefix  = "arXiv",
      primaryClass   = "hep-lat",
      reportNumber   = "CERN-TH-7381-94, ROME-1016-1994",
      SLACcitation   = "%%CITATION = HEP-LAT/9407029;%%"
}


@article{Ali:1999we,
      author         = "Ali, Ahmed and London, David",
      title          = "{Profiles of the unitarity triangle and CP violating
                        phases in the standard model and supersymmetric theories}",
      journal        = "Eur. Phys. J.",
      volume         = "C9",
      year           = "1999",
      pages          = "687-703",
      doi            = "10.1007/s100529900098",
      eprint         = "hep-ph/9903535",
      archivePrefix  = "arXiv",
      primaryClass   = "hep-ph",
      reportNumber   = "DESY-99-042, UDEM-GPP-TH-99-58",
      SLACcitation   = "%%CITATION = HEP-PH/9903535;%%"
}


@article{Buras:2000dm,
      author         = "Buras, A. J. and Gambino, P. and Gorbahn, M. and Jager,
                        S. and Silvestrini, L.",
      title          = "{Universal unitarity triangle and physics beyond the
                        standard model}",
      journal        = "Phys. Lett.",
      volume         = "B500",
      year           = "2001",
      pages          = "161-167",
      doi            = "10.1016/S0370-2693(01)00061-2",
      eprint         = "hep-ph/0007085",
      archivePrefix  = "arXiv",
      primaryClass   = "hep-ph",
      reportNumber   = "TUM-HEP-379-00, CERN-TH-2000-190",
      SLACcitation   = "%%CITATION = HEP-PH/0007085;%%"
}


@article{Buras:2003jf,
      author         = "Buras, Andrzej J.",
      title          = "{Minimal flavor violation}",
      booktitle      = "{Theoretical physics. Proceedings, 43rd Cracow School,
                        Zakopane, Poland, May 30-June 8, 2003}",
      journal        = "Acta Phys. Polon.",
      volume         = "B34",
      year           = "2003",
      pages          = "5615-5668",
      eprint         = "hep-ph/0310208",
      archivePrefix  = "arXiv",
      primaryClass   = "hep-ph",
      reportNumber   = "TUM-HEP-530-03",
      SLACcitation   = "%%CITATION = HEP-PH/0310208;%%"
}


@article{Kagan:2009bn,
      author         = "Kagan, Alexander L. and Perez, Gilad and Volansky, Tomer
                        and Zupan, Jure",
      title          = "{General Minimal Flavor Violation}",
      journal        = "Phys. Rev.",
      volume         = "D80",
      year           = "2009",
      pages          = "076002",
      doi            = "10.1103/PhysRevD.80.076002",
      eprint         = "0903.1794",
      archivePrefix  = "arXiv",
      primaryClass   = "hep-ph",
      reportNumber   = "WIS-03-09-MARCH-DPP",
      SLACcitation   = "%%CITATION = ARXIV:0903.1794;%%"
}


@article{Cirigliano:2005ck,
      author         = "Cirigliano, Vincenzo and Grinstein, Benjamin and Isidori,
                        Gino and Wise, Mark B.",
      title          = "{Minimal flavor violation in the lepton sector}",
      journal        = "Nucl. Phys.",
      volume         = "B728",
      year           = "2005",
      pages          = "121-134",
      doi            = "10.1016/j.nuclphysb.2005.08.037",
      eprint         = "hep-ph/0507001",
      archivePrefix  = "arXiv",
      primaryClass   = "hep-ph",
      reportNumber   = "UCSD-PTH-05-11, CALT-68-2566",
      SLACcitation   = "%%CITATION = HEP-PH/0507001;%%"
}


@article{Haber:1984rc,
      author         = "Haber, Howard E. and Kane, Gordon L.",
      title          = "{The Search for Supersymmetry: Probing Physics Beyond the
                        Standard Model}",
      journal        = "Phys. Rept.",
      volume         = "117",
      year           = "1985",
      pages          = "75-263",
      doi            = "10.1016/0370-1573(85)90051-1",
      reportNumber   = "UM-HE-TH-83-17, SCIPP-85-47",
      SLACcitation   = "%%CITATION = PRPLC,117,75;%%"
}


@article{Aloni:2015wvn,
      author         = "Aloni, Daniel and Nir, Yosef and Stamou, Emmanuel",
      title          = "{Large BR($h \to \tau \mu$) in the MSSM?}",
      journal        = "JHEP",
      volume         = "04",
      year           = "2016",
      pages          = "162",
      doi            = "10.1007/JHEP04(2016)162",
      eprint         = "1511.00979",
      archivePrefix  = "arXiv",
      primaryClass   = "hep-ph",
      SLACcitation   = "%%CITATION = ARXIV:1511.00979;%%"
}


@article{Gunion:2002zf,
      author         = "Gunion, John F. and Haber, Howard E.",
      title          = "{The CP conserving two Higgs doublet model: The Approach
                        to the decoupling limit}",
      journal        = "Phys. Rev.",
      volume         = "D67",
      year           = "2003",
      pages          = "075019",
      doi            = "10.1103/PhysRevD.67.075019",
      eprint         = "hep-ph/0207010",
      archivePrefix  = "arXiv",
      primaryClass   = "hep-ph",
      reportNumber   = "SCIPP-02-10",
      SLACcitation   = "%%CITATION = HEP-PH/0207010;%%"
}


@article{Carena:2013ooa,
      author         = "Carena, Marcela and Low, Ian and Shah, Nausheen R. and
                        Wagner, Carlos E. M.",
      title          = "{Impersonating the Standard Model Higgs Boson: Alignment
                        without Decoupling}",
      journal        = "JHEP",
      volume         = "04",
      year           = "2014",
      pages          = "015",
      doi            = "10.1007/JHEP04(2014)015",
      eprint         = "1310.2248",
      archivePrefix  = "arXiv",
      primaryClass   = "hep-ph",
      reportNumber   = "ANL-HEP-PR-13-50, EFI-13-27, FERMILAB-PUB-13-455-T,
                        MCTP-13-31",
      SLACcitation   = "%%CITATION = ARXIV:1310.2248;%%"
}


@article{Dev:2014yca,
      author         = "Bhupal Dev, P. S. and Pilaftsis, Apostolos",
      title          = "{Maximally Symmetric Two Higgs Doublet Model with Natural
                        Standard Model Alignment}",
      journal        = "JHEP",
      volume         = "12",
      year           = "2014",
      pages          = "024",
      doi            = "10.1007/JHEP11(2015)147, 10.1007/JHEP12(2014)024",
      note           = "[Erratum: JHEP11,147(2015)]",
      eprint         = "1408.3405",
      archivePrefix  = "arXiv",
      primaryClass   = "hep-ph",
      reportNumber   = "MAN-HEP-2014-10, CERN-PH-TH-2014-150",
      SLACcitation   = "%%CITATION = ARXIV:1408.3405;%%"
}


@article{Carena:2014nza,
      author         = "Carena, Marcela and Haber, Howard E. and Low, Ian and
                        Shah, Nausheen R. and Wagner, Carlos E. M.",
      title          = "{Complementarity between Nonstandard Higgs Boson Searches
                        and Precision Higgs Boson Measurements in the MSSM}",
      journal        = "Phys. Rev.",
      volume         = "D91",
      year           = "2015",
      number         = "3",
      pages          = "035003",
      doi            = "10.1103/PhysRevD.91.035003",
      eprint         = "1410.4969",
      archivePrefix  = "arXiv",
      primaryClass   = "hep-ph",
      reportNumber   = "EFI-14-36, FERMILAB-PUB-14-392-T, MCTP-14-37,
                        SCIPP-14-16",
      SLACcitation   = "%%CITATION = ARXIV:1410.4969;%%"
}


@article{Dev:2015bta,
      author         = "Dev, P. S. Bhupal and Pilaftsis, Apostolos",
      title          = "{Natural Standard Model Alignment in the Two Higgs
                        Doublet Model}",
      booktitle      = "{Proceedings, 4th Symposium on Prospects in the Physics
                        of Discrete Symmetries (DISCRETE 2014): London, UK,
                        December 2-6, 2014}",
      journal        = "J. Phys. Conf. Ser.",
      volume         = "631",
      year           = "2015",
      number         = "1",
      pages          = "012030",
      doi            = "10.1088/1742-6596/631/1/012030",
      eprint         = "1503.09140",
      archivePrefix  = "arXiv",
      primaryClass   = "hep-ph",
      reportNumber   = "MAN-HEP-2015-04",
      SLACcitation   = "%%CITATION = ARXIV:1503.09140;%%"
}



%%% contains utf-8, see: https://inspirehep.net/info/faq/general#utf8
%%% add \usepackage[utf8]{inputenc} to your latex preamble

@article{Haber:2015pua,
      author         = "Haber, Howard E. and StÃ¥l, Oscar",
      title          = "{New LHC benchmarks for the $\mathcal{CP}$ -conserving
                        two-Higgs-doublet model}",
      journal        = "Eur. Phys. J.",
      volume         = "C75",
      year           = "2015",
      number         = "10",
      pages          = "491",
      doi            = "10.1140/epjc/s10052-015-3697-x,
                        10.1140/epjc/s10052-016-4151-4",
      note           = "[Erratum: Eur. Phys. J.C76,no.6,312(2016)]",
      eprint         = "1507.04281",
      archivePrefix  = "arXiv",
      primaryClass   = "hep-ph",
      reportNumber   = "SCIPP-15-10",
      SLACcitation   = "%%CITATION = ARXIV:1507.04281;%%"
}


@article{Carena:2015moc,
      author         = "Carena, Marcela and Haber, Howard E. and Low, Ian and
                        Shah, Nausheen R. and Wagner, Carlos E. M.",
      title          = "{Alignment limit of the NMSSM Higgs sector}",
      journal        = "Phys. Rev.",
      volume         = "D93",
      year           = "2016",
      number         = "3",
      pages          = "035013",
      doi            = "10.1103/PhysRevD.93.035013",
      eprint         = "1510.09137",
      archivePrefix  = "arXiv",
      primaryClass   = "hep-ph",
      reportNumber   = "FERMILAB-PUB-15-407-T, EFI-15-32, MCTP-15-15,
                        SCIPP-15-12, WSU-HEP-1505",
      SLACcitation   = "%%CITATION = ARXIV:1510.09137;%%"
}


@article{Carmi:2012in,
      author         = "Carmi, Dean and Falkowski, Adam and Kuflik, Eric and
                        Volansky, Tomer and Zupan, Jure",
      title          = "{Higgs After the Discovery: A Status Report}",
      journal        = "JHEP",
      volume         = "10",
      year           = "2012",
      pages          = "196",
      doi            = "10.1007/JHEP10(2012)196",
      eprint         = "1207.1718",
      archivePrefix  = "arXiv",
      primaryClass   = "hep-ph",
      reportNumber   = "LPT-ORSAY-12-77",
      SLACcitation   = "%%CITATION = ARXIV:1207.1718;%%"
}


@article{Falkowski:2013dza,
      author         = "Falkowski, Adam and Riva, Francesco and Urbano, Alfredo",
      title          = "{Higgs at last}",
      journal        = "JHEP",
      volume         = "11",
      year           = "2013",
      pages          = "111",
      doi            = "10.1007/JHEP11(2013)111",
      eprint         = "1303.1812",
      archivePrefix  = "arXiv",
      primaryClass   = "hep-ph",
      SLACcitation   = "%%CITATION = ARXIV:1303.1812;%%"
}


@article{Grinstein:2013npa,
      author         = "Grinstein, Benjamin and Uttayarat, Patipan",
      title          = "{Carving Out Parameter Space in Type-II Two Higgs
                        Doublets Model}",
      journal        = "JHEP",
      volume         = "06",
      year           = "2013",
      pages          = "094",
      doi            = "10.1007/JHEP09(2013)110, 10.1007/JHEP06(2013)094",
      note           = "[Erratum: JHEP09,110(2013)]",
      eprint         = "1304.0028",
      archivePrefix  = "arXiv",
      primaryClass   = "hep-ph",
      reportNumber   = "UCSD-PTH-13-02",
      SLACcitation   = "%%CITATION = ARXIV:1304.0028;%%"
}


@article{Leurer:1993gy,
      author         = "Leurer, Miriam and Nir, Yosef and Seiberg, Nathan",
      title          = "{Mass matrix models: The Sequel}",
      journal        = "Nucl. Phys.",
      volume         = "B420",
      year           = "1994",
      pages          = "468-504",
      doi            = "10.1016/0550-3213(94)90074-4",
      eprint         = "hep-ph/9310320",
      archivePrefix  = "arXiv",
      primaryClass   = "hep-ph",
      reportNumber   = "RU-93-43, WIS-93-93-PH",
      SLACcitation   = "%%CITATION = HEP-PH/9310320;%%"
}


@article{Grossman:1995hk,
      author         = "Grossman, Yuval and Nir, Yosef",
      title          = "{Lepton mass matrix models}",
      journal        = "Nucl. Phys.",
      volume         = "B448",
      year           = "1995",
      pages          = "30-50",
      doi            = "10.1016/0550-3213(95)00203-5",
      eprint         = "hep-ph/9502418",
      archivePrefix  = "arXiv",
      primaryClass   = "hep-ph",
      reportNumber   = "WIS-95-7-PH, WIS-95-7-MAR-PH",
      SLACcitation   = "%%CITATION = HEP-PH/9502418;%%"
}


@article{Bauer:2015fxa,
      author         = "Bauer, Martin and Carena, Marcela and Gemmler, Katrin",
      title          = "{Flavor from the Electroweak Scale}",
      journal        = "JHEP",
      volume         = "11",
      year           = "2015",
      pages          = "016",
      doi            = "10.1007/JHEP11(2015)016",
      eprint         = "1506.01719",
      archivePrefix  = "arXiv",
      primaryClass   = "hep-ph",
      reportNumber   = "FERMILAB-PUB-15-251-T, EFI-15-19",
      SLACcitation   = "%%CITATION = ARXIV:1506.01719;%%"
}


@article{Gherghetta:2000qt,
      author         = "Gherghetta, Tony and Pomarol, Alex",
      title          = "{Bulk fields and supersymmetry in a slice of AdS}",
      journal        = "Nucl. Phys.",
      volume         = "B586",
      year           = "2000",
      pages          = "141-162",
      doi            = "10.1016/S0550-3213(00)00392-8",
      eprint         = "hep-ph/0003129",
      archivePrefix  = "arXiv",
      primaryClass   = "hep-ph",
      reportNumber   = "CERN-TH-2000-081, UNIL-IPT-00-06",
      SLACcitation   = "%%CITATION = HEP-PH/0003129;%%"
}


@article{Grossman:1999ra,
      author         = "Grossman, Yuval and Neubert, Matthias",
      title          = "{Neutrino masses and mixings in nonfactorizable
                        geometry}",
      journal        = "Phys. Lett.",
      volume         = "B474",
      year           = "2000",
      pages          = "361-371",
      doi            = "10.1016/S0370-2693(00)00054-X",
      eprint         = "hep-ph/9912408",
      archivePrefix  = "arXiv",
      primaryClass   = "hep-ph",
      reportNumber   = "CLNS-99-1656, SLAC-PUB-8330",
      SLACcitation   = "%%CITATION = HEP-PH/9912408;%%"
}


@article{Huber:2000ie,
      author         = "Huber, Stephan J. and Shafi, Qaisar",
      title          = "{Fermion masses, mixings and proton decay in a
                        Randall-Sundrum model}",
      journal        = "Phys. Lett.",
      volume         = "B498",
      year           = "2001",
      pages          = "256-262",
      doi            = "10.1016/S0370-2693(00)01399-X",
      eprint         = "hep-ph/0010195",
      archivePrefix  = "arXiv",
      primaryClass   = "hep-ph",
      reportNumber   = "BA-00-42",
      SLACcitation   = "%%CITATION = HEP-PH/0010195;%%"
}


@article{Huber:2003tu,
      author         = "Huber, Stephan J.",
      title          = "{Flavor violation and warped geometry}",
      journal        = "Nucl. Phys.",
      volume         = "B666",
      year           = "2003",
      pages          = "269-288",
      doi            = "10.1016/S0550-3213(03)00502-9",
      eprint         = "hep-ph/0303183",
      archivePrefix  = "arXiv",
      primaryClass   = "hep-ph",
      reportNumber   = "DESY-03-037",
      SLACcitation   = "%%CITATION = HEP-PH/0303183;%%"
}


@article{Azatov:2009na,
      author         = "Azatov, Aleksandr and Toharia, Manuel and Zhu, Lijun",
      title          = "{Higgs Mediated FCNC's in Warped Extra Dimensions}",
      journal        = "Phys. Rev.",
      volume         = "D80",
      year           = "2009",
      pages          = "035016",
      doi            = "10.1103/PhysRevD.80.035016",
      eprint         = "0906.1990",
      archivePrefix  = "arXiv",
      primaryClass   = "hep-ph",
      reportNumber   = "UMD-PP-09-039",
      SLACcitation   = "%%CITATION = ARXIV:0906.1990;%%"
}


@article{Casagrande:2008hr,
      author         = "Casagrande, S. and Goertz, F. and Haisch, U. and Neubert,
                        M. and Pfoh, T.",
      title          = "{Flavor Physics in the Randall-Sundrum Model: I.
                        Theoretical Setup and Electroweak Precision Tests}",
      journal        = "JHEP",
      volume         = "10",
      year           = "2008",
      pages          = "094",
      doi            = "10.1088/1126-6708/2008/10/094",
      eprint         = "0807.4937",
      archivePrefix  = "arXiv",
      primaryClass   = "hep-ph",
      reportNumber   = "MZ-TH-08-18",
      SLACcitation   = "%%CITATION = ARXIV:0807.4937;%%"
}


@article{Bauer:2009cf,
      author         = "Bauer, M. and Casagrande, S. and Haisch, U. and Neubert,
                        M.",
      title          = "{Flavor Physics in the Randall-Sundrum Model: II.
                        Tree-Level Weak-Interaction Processes}",
      journal        = "JHEP",
      volume         = "09",
      year           = "2010",
      pages          = "017",
      doi            = "10.1007/JHEP09(2010)017",
      eprint         = "0912.1625",
      archivePrefix  = "arXiv",
      primaryClass   = "hep-ph",
      reportNumber   = "MZ-TH-09-46",
      SLACcitation   = "%%CITATION = ARXIV:0912.1625;%%"
}


@article{Malm:2013jia,
      author         = "Malm, Raoul and Neubert, Matthias and Novotny, Kristiane
                        and Schmell, Christoph",
      title          = "{5D Perspective on Higgs Production at the Boundary of a
                        Warped Extra Dimension}",
      journal        = "JHEP",
      volume         = "01",
      year           = "2014",
      pages          = "173",
      doi            = "10.1007/JHEP01(2014)173",
      eprint         = "1303.5702",
      archivePrefix  = "arXiv",
      primaryClass   = "hep-ph",
      reportNumber   = "MITP-13-01",
      SLACcitation   = "%%CITATION = ARXIV:1303.5702;%%"
}


@article{Archer:2014jca,
      author         = "Archer, Paul R. and Carena, Marcela and Carmona, Adrian
                        and Neubert, Matthias",
      title          = "{Higgs Production and Decay in Models of a Warped Extra
                        Dimension with a Bulk Higgs}",
      journal        = "JHEP",
      volume         = "01",
      year           = "2015",
      pages          = "060",
      doi            = "10.1007/JHEP01(2015)060",
      eprint         = "1408.5406",
      archivePrefix  = "arXiv",
      primaryClass   = "hep-ph",
      reportNumber   = "MITP-14-040, FERMILAB-PUB-14-561-T",
      SLACcitation   = "%%CITATION = ARXIV:1408.5406;%%"
}


@article{Blanke:2008zb,
      author         = "Blanke, Monika and Buras, Andrzej J. and Duling, Bjoern
                        and Gori, Stefania and Weiler, Andreas",
      title          = "{$\Delta$ F=2 Observables and Fine-Tuning in a Warped
                        Extra Dimension with Custodial Protection}",
      journal        = "JHEP",
      volume         = "03",
      year           = "2009",
      pages          = "001",
      doi            = "10.1088/1126-6708/2009/03/001",
      eprint         = "0809.1073",
      archivePrefix  = "arXiv",
      primaryClass   = "hep-ph",
      reportNumber   = "TUM-HEP-698-08, MPP-2008-115",
      SLACcitation   = "%%CITATION = ARXIV:0809.1073;%%"
}


@article{Blanke:2008yr,
      author         = "Blanke, Monika and Buras, Andrzej J. and Duling, Bjorn
                        and Gemmler, Katrin and Gori, Stefania",
      title          = "{Rare K and B Decays in a Warped Extra Dimension with
                        Custodial Protection}",
      journal        = "JHEP",
      volume         = "03",
      year           = "2009",
      pages          = "108",
      doi            = "10.1088/1126-6708/2009/03/108",
      eprint         = "0812.3803",
      archivePrefix  = "arXiv",
      primaryClass   = "hep-ph",
      reportNumber   = "TUM-HEP-704-08, MPP-2008-152",
      SLACcitation   = "%%CITATION = ARXIV:0812.3803;%%"
}


@article{Albrecht:2009xr,
      author         = "Albrecht, Michaela E. and Blanke, Monika and Buras,
                        Andrzej J. and Duling, Bjorn and Gemmler, Katrin",
      title          = "{Electroweak and Flavour Structure of a Warped Extra
                        Dimension with Custodial Protection}",
      journal        = "JHEP",
      volume         = "09",
      year           = "2009",
      pages          = "064",
      doi            = "10.1088/1126-6708/2009/09/064",
      eprint         = "0903.2415",
      archivePrefix  = "arXiv",
      primaryClass   = "hep-ph",
      reportNumber   = "TUM-TEP-711-09, MPP-2009-17, TUM-HEP-711-09",
      SLACcitation   = "%%CITATION = ARXIV:0903.2415;%%"
}


@article{Agashe:2006wa,
      author         = "Agashe, Kaustubh and Perez, Gilad and Soni, Amarjit",
      title          = "{Collider Signals of Top Quark Flavor Violation from a
                        Warped Extra Dimension}",
      journal        = "Phys. Rev.",
      volume         = "D75",
      year           = "2007",
      pages          = "015002",
      doi            = "10.1103/PhysRevD.75.015002",
      eprint         = "hep-ph/0606293",
      archivePrefix  = "arXiv",
      primaryClass   = "hep-ph",
      reportNumber   = "SU-4252-830, BNL-HET-06-4",
      SLACcitation   = "%%CITATION = HEP-PH/0606293;%%"
}


@article{Agashe:2014jca,
      author         = "Agashe, Kaustubh and Azatov, Aleksandr and Cui, Yanou and
                        Randall, Lisa and Son, Minho",
      title          = "{Warped Dipole Completed, with a Tower of Higgs Bosons}",
      journal        = "JHEP",
      volume         = "06",
      year           = "2015",
      pages          = "196",
      doi            = "10.1007/JHEP06(2015)196",
      eprint         = "1412.6468",
      archivePrefix  = "arXiv",
      primaryClass   = "hep-ph",
      reportNumber   = "UMD-PP-014-020, CERN-PH-TH-2014-238",
      SLACcitation   = "%%CITATION = ARXIV:1412.6468;%%"
}


@article{Dillon:2014zea,
      author         = "Dillon, Barry M. and Huber, Stephan J.",
      title          = "{Non-Custodial Warped Extra Dimensions at the LHC?}",
      journal        = "JHEP",
      volume         = "06",
      year           = "2015",
      pages          = "066",
      doi            = "10.1007/JHEP06(2015)066",
      eprint         = "1410.7345",
      archivePrefix  = "arXiv",
      primaryClass   = "hep-ph",
      SLACcitation   = "%%CITATION = ARXIV:1410.7345;%%"
}


@article{Cacciapaglia:2007fw,
      author         = "Cacciapaglia, Giacomo and Csaki, Csaba and Galloway,
                        Jamison and Marandella, Guido and Terning, John and
                        Weiler, Andreas",
      title          = "{A GIM Mechanism from Extra Dimensions}",
      journal        = "JHEP",
      volume         = "04",
      year           = "2008",
      pages          = "006",
      doi            = "10.1088/1126-6708/2008/04/006",
      eprint         = "0709.1714",
      archivePrefix  = "arXiv",
      primaryClass   = "hep-ph",
      SLACcitation   = "%%CITATION = ARXIV:0709.1714;%%"
}


@article{Agashe:2004cp,
      author         = "Agashe, Kaustubh and Perez, Gilad and Soni, Amarjit",
      title          = "{Flavor structure of warped extra dimension models}",
      journal        = "Phys. Rev.",
      volume         = "D71",
      year           = "2005",
      pages          = "016002",
      doi            = "10.1103/PhysRevD.71.016002",
      eprint         = "hep-ph/0408134",
      archivePrefix  = "arXiv",
      primaryClass   = "hep-ph",
      reportNumber   = "BNL-HET-04-13, LBNL-55325",
      SLACcitation   = "%%CITATION = HEP-PH/0408134;%%"
}


@article{Agashe:2004ay,
      author         = "Agashe, Kaustubh and Perez, Gilad and Soni, Amarjit",
      title          = "{B-factory signals for a warped extra dimension}",
      journal        = "Phys. Rev. Lett.",
      volume         = "93",
      year           = "2004",
      pages          = "201804",
      doi            = "10.1103/PhysRevLett.93.201804",
      eprint         = "hep-ph/0406101",
      archivePrefix  = "arXiv",
      primaryClass   = "hep-ph",
      reportNumber   = "BNL-HET-04-5, LBNL-55324",
      SLACcitation   = "%%CITATION = HEP-PH/0406101;%%"
}


@article{ATLAS-CONF-2015-009,
      author         = "The ATLAS collaboration",
      title          = "{A search for $\mathbf{t\bar{t}}$ resonances using lepton
                        plus jets events in proton-proton collisions at $\sqrt{s}
                        = 8$ TeV with the ATLAS detector}",
      collaboration  = "ATLAS",
      year           = "2015",
      reportNumber   = "ATLAS-CONF-2015-009",
      SLACcitation   = "%%CITATION = ATLAS-CONF-2015-009;%%"
}


@article{Panico:2015jxa,
      author         = "Panico, Giuliano and Wulzer, Andrea",
      title          = "{The Composite Nambu-Goldstone Higgs}",
      journal        = "Lect. Notes Phys.",
      volume         = "913",
      year           = "2016",
      pages          = "pp.1-316",
      doi            = "10.1007/978-3-319-22617-0",
      eprint         = "1506.01961",
      archivePrefix  = "arXiv",
      primaryClass   = "hep-ph",
      reportNumber   = "DFPD-2015TH9",
      SLACcitation   = "%%CITATION = ARXIV:1506.01961;%%"
}


@article{Kaplan:1991dc,
      author         = "Kaplan, David B.",
      title          = "{Flavor at SSC energies: A New mechanism for dynamically
                        generated fermion masses}",
      journal        = "Nucl. Phys.",
      volume         = "B365",
      year           = "1991",
      pages          = "259-278",
      doi            = "10.1016/S0550-3213(05)80021-5",
      reportNumber   = "UCSD-PTH-91-04",
      SLACcitation   = "%%CITATION = NUPHA,B365,259;%%"
}


@article{Agashe:2009di,
      author         = "Agashe, Kaustubh and Contino, Roberto",
      title          = "{Composite Higgs-Mediated FCNC}",
      journal        = "Phys. Rev.",
      volume         = "D80",
      year           = "2009",
      pages          = "075016",
      doi            = "10.1103/PhysRevD.80.075016",
      eprint         = "0906.1542",
      archivePrefix  = "arXiv",
      primaryClass   = "hep-ph",
      reportNumber   = "UMD-PP-09-038, CERN-PH-TH-2009-085",
      SLACcitation   = "%%CITATION = ARXIV:0906.1542;%%"
}


@article{Gillioz:2012se,
      author         = "Gillioz, M. and Grober, R. and Grojean, C. and
                        Muhlleitner, M. and Salvioni, E.",
      title          = "{Higgs Low-Energy Theorem (and its corrections) in
                        Composite Models}",
      journal        = "JHEP",
      volume         = "10",
      year           = "2012",
      pages          = "004",
      doi            = "10.1007/JHEP10(2012)004",
      eprint         = "1206.7120",
      archivePrefix  = "arXiv",
      primaryClass   = "hep-ph",
      reportNumber   = "CERN-PH-TH-2012-176, KA-TP-26-2012, SFB-CPP-12-43,
                        ZU-TH-09-12, LPN12-062",
      SLACcitation   = "%%CITATION = ARXIV:1206.7120;%%"
}



%%% contains utf-8, see: https://inspirehep.net/info/faq/general#utf8
%%% add \usepackage[utf8]{inputenc} to your latex preamble

@article{Delaunay:2013iia,
      author         = "Delaunay, CÃ©dric and Grojean, Christophe and Perez,
                        Gilad",
      title          = "{Modified Higgs Physics from Composite Light Flavors}",
      journal        = "JHEP",
      volume         = "09",
      year           = "2013",
      pages          = "090",
      doi            = "10.1007/JHEP09(2013)090",
      eprint         = "1303.5701",
      archivePrefix  = "arXiv",
      primaryClass   = "hep-ph",
      reportNumber   = "CERN-PH-TH-2013-045",
      SLACcitation   = "%%CITATION = ARXIV:1303.5701;%%"
}


@article{Azatov:2014lha,
      author         = "Azatov, Aleksandr and Panico, Giuliano and Perez, Gilad
                        and Soreq, Yotam",
      title          = "{On the Flavor Structure of Natural Composite Higgs
                        Models and Top Flavor Violation}",
      journal        = "JHEP",
      volume         = "12",
      year           = "2014",
      pages          = "082",
      doi            = "10.1007/JHEP12(2014)082",
      eprint         = "1408.4525",
      archivePrefix  = "arXiv",
      primaryClass   = "hep-ph",
      reportNumber   = "CERN-PH-TH-2014-159",
      SLACcitation   = "%%CITATION = ARXIV:1408.4525;%%"
}


@article{Pomarol:2012qf,
      author         = "Pomarol, Alex and Riva, Francesco",
      title          = "{The Composite Higgs and Light Resonance Connection}",
      journal        = "JHEP",
      volume         = "08",
      year           = "2012",
      pages          = "135",
      doi            = "10.1007/JHEP08(2012)135",
      eprint         = "1205.6434",
      archivePrefix  = "arXiv",
      primaryClass   = "hep-ph",
      SLACcitation   = "%%CITATION = ARXIV:1205.6434;%%"
}



%%% contains utf-8, see: https://inspirehep.net/info/faq/general#utf8
%%% add \usepackage[utf8]{inputenc} to your latex preamble

@article{Delaunay:2013pja,
      author         = "Delaunay, CÃ©dric and Golling, Tobias and Perez, Gilad
                        and Soreq, Yotam",
      title          = "{Enhanced Higgs boson coupling to charm pairs}",
      journal        = "Phys. Rev.",
      volume         = "D89",
      year           = "2014",
      number         = "3",
      pages          = "033014",
      doi            = "10.1103/PhysRevD.89.033014",
      eprint         = "1310.7029",
      archivePrefix  = "arXiv",
      primaryClass   = "hep-ph",
      reportNumber   = "CERN-PH-TH-2013-252, LAPTH-062-13",
      SLACcitation   = "%%CITATION = ARXIV:1310.7029;%%"
}


@article{Redi:2011zi,
      author         = "Redi, Michele and Weiler, Andreas",
      title          = "{Flavor and CP Invariant Composite Higgs Models}",
      journal        = "JHEP",
      volume         = "11",
      year           = "2011",
      pages          = "108",
      doi            = "10.1007/JHEP11(2011)108",
      eprint         = "1106.6357",
      archivePrefix  = "arXiv",
      primaryClass   = "hep-ph",
      reportNumber   = "DESY-11-109, CERN-PH-TH-154",
      SLACcitation   = "%%CITATION = ARXIV:1106.6357;%%"
}


@article{Redi:2012uj,
      author         = "Redi, Michele",
      title          = "{Composite MFV and Beyond}",
      journal        = "Eur. Phys. J.",
      volume         = "C72",
      year           = "2012",
      pages          = "2030",
      doi            = "10.1140/epjc/s10052-012-2030-1",
      eprint         = "1203.4220",
      archivePrefix  = "arXiv",
      primaryClass   = "hep-ph",
      reportNumber   = "CERN-PH-TH-2012-067",
      SLACcitation   = "%%CITATION = ARXIV:1203.4220;%%"
}


@article{Redi:2013pga,
      author         = "Redi, Michele",
      title          = "{Leptons in Composite MFV}",
      journal        = "JHEP",
      volume         = "09",
      year           = "2013",
      pages          = "060",
      doi            = "10.1007/JHEP09(2013)060",
      eprint         = "1306.1525",
      archivePrefix  = "arXiv",
      primaryClass   = "hep-ph",
      SLACcitation   = "%%CITATION = ARXIV:1306.1525;%%"
}


@article{Csaki:2008qq,
      author         = "Csaki, Csaba and Delaunay, Cedric and Grojean, Christophe
                        and Grossman, Yuval",
      title          = "{A Model of Lepton Masses from a Warped Extra Dimension}",
      journal        = "JHEP",
      volume         = "10",
      year           = "2008",
      pages          = "055",
      doi            = "10.1088/1126-6708/2008/10/055",
      eprint         = "0806.0356",
      archivePrefix  = "arXiv",
      primaryClass   = "hep-ph",
      SLACcitation   = "%%CITATION = ARXIV:0806.0356;%%"
}


@article{delAguila:2010vg,
      author         = "del Aguila, Francisco and Carmona, Adrian and Santiago,
                        Jose",
      title          = "{Neutrino Masses from an A4 Symmetry in Holographic
                        Composite Higgs Models}",
      journal        = "JHEP",
      volume         = "08",
      year           = "2010",
      pages          = "127",
      doi            = "10.1007/JHEP08(2010)127",
      eprint         = "1001.5151",
      archivePrefix  = "arXiv",
      primaryClass   = "hep-ph",
      reportNumber   = "CAFPE-128-10, UGFT-258-10",
      SLACcitation   = "%%CITATION = ARXIV:1001.5151;%%"
}


@article{Hagedorn:2011un,
      author         = "Hagedorn, Claudia and Serone, Marco",
      title          = "{Leptons in Holographic Composite Higgs Models with
                        Non-Abelian Discrete Symmetries}",
      journal        = "JHEP",
      volume         = "10",
      year           = "2011",
      pages          = "083",
      doi            = "10.1007/JHEP10(2011)083",
      eprint         = "1106.4021",
      archivePrefix  = "arXiv",
      primaryClass   = "hep-ph",
      reportNumber   = "SISSA-27-2011-EP, DFPD-2011-TH-08",
      SLACcitation   = "%%CITATION = ARXIV:1106.4021;%%"
}


@article{Hagedorn:2011pw,
      author         = "Hagedorn, Claudia and Serone, Marco",
      title          = "{General Lepton Mixing in Holographic Composite Higgs
                        Models}",
      journal        = "JHEP",
      volume         = "02",
      year           = "2012",
      pages          = "077",
      doi            = "10.1007/JHEP02(2012)077",
      eprint         = "1110.4612",
      archivePrefix  = "arXiv",
      primaryClass   = "hep-ph",
      reportNumber   = "SISSA-55-2011-EP, DFPD-2011-TH-16",
      SLACcitation   = "%%CITATION = ARXIV:1110.4612;%%"
}


@article{Aad:2015pja,
      author         = "Aad, Georges and others",
      title          = "{Search for flavour-changing neutral current top quark
                        decays $t\to Hq$ in $pp$ collisions at $\sqrt{s}=8$ TeV
                        with the ATLAS detector}",
      collaboration  = "ATLAS",
      journal        = "JHEP",
      volume         = "12",
      year           = "2015",
      pages          = "061",
      doi            = "10.1007/JHEP12(2015)061",
      eprint         = "1509.06047",
      archivePrefix  = "arXiv",
      primaryClass   = "hep-ex",
      reportNumber   = "CERN-PH-EP-2015-229",
      SLACcitation   = "%%CITATION = ARXIV:1509.06047;%%"
}


@article{CMS:2015qhe,
      author         = "CMS Collaboration",
      title          = "{Search for the Flavor-Changing Neutral Current Decay
                        ${\rm t} \to {\rm qH}$ Where the Higgs Decays to $\rm b
                        \overline b$ Pairs at $\sqrt{s} = 8$ TeV}",
      collaboration  = "CMS",
      year           = "2015",
      reportNumber   = "CMS-PAS-TOP-14-020",
      SLACcitation   = "%%CITATION = CMS-PAS-TOP-14-020;%%"
}


@article{CMS-PAS-TOP-13-017,
      author         = "CMS Collaboration",
      title          = "{Search for top quark decays via Higgs-boson-mediated
                        flavor changing
neutral currents in pp collisions
                        at~$\sqrt{s}$~=~8~TeV}",
      collaboration  = "CMS",
      year           = "2015",
      reportNumber   = "CMS-PAS-TOP-13-017",
      SLACcitation   = "%%CITATION = CMS-PAS-TOP-13-017;%%"
}


@article{CMS-PAS-HIG-14-040,
      author         = "CMS Collaboration",
      title          = "{Search for lepton-flavour-violating decays of the Higgs
                        boson to etau and emu at sqrt(s)=8 TeV}",
      collaboration  = "CMS",
      year           = "2015",
      reportNumber   = "CMS-PAS-HIG-14-040",
      SLACcitation   = "%%CITATION = CMS-PAS-HIG-14-040;%%"
}



%%% contains utf-8, see: https://inspirehep.net/info/faq/general#utf8
%%% add \usepackage[utf8]{inputenc} to your latex preamble

@article{Dorsner:2015mja,
      author         = "DorÅ¡ner, Ilja and Fajfer, Svjetlana and Greljo, Admir
                        and Kamenik, Jernej F. and KoÅ¡nik, Nejc and NiÅ¡andÅ¾ic,
                        Ivan",
      title          = "{New Physics Models Facing Lepton Flavor Violating Higgs
                        Decays at the Percent Level}",
      journal        = "JHEP",
      volume         = "06",
      year           = "2015",
      pages          = "108",
      doi            = "10.1007/JHEP06(2015)108",
      eprint         = "1502.07784",
      archivePrefix  = "arXiv",
      primaryClass   = "hep-ph",
      reportNumber   = "ZU-TH-2-15, DO-TH-15-04",
      SLACcitation   = "%%CITATION = ARXIV:1502.07784;%%"
}


@article{Adam:2013mnn,
      author         = "Adam, J. and others",
      title          = "{New constraint on the existence of the $\mu^+ \to
                        e^+\gamma$ decay}",
      collaboration  = "MEG",
      journal        = "Phys. Rev. Lett.",
      volume         = "110",
      year           = "2013",
      pages          = "201801",
      doi            = "10.1103/PhysRevLett.110.201801",
      eprint         = "1303.0754",
      archivePrefix  = "arXiv",
      primaryClass   = "hep-ex",
      SLACcitation   = "%%CITATION = ARXIV:1303.0754;%%"
}


@article{Bertl:2006up,
      author         = "Bertl, Wilhelm H. and others",
      title          = "{A Search for muon to electron conversion in muonic
                        gold}",
      collaboration  = "SINDRUM II",
      journal        = "Eur. Phys. J.",
      volume         = "C47",
      year           = "2006",
      pages          = "337-346",
      doi            = "10.1140/epjc/s2006-02582-x",
      SLACcitation   = "%%CITATION = EPHJA,C47,337;%%"
}


@article{Altmannshofer:2015esa,
      author         = "Altmannshofer, Wolfgang and Gori, Stefania and Kagan,
                        Alexander L. and Silvestrini, Luca and Zupan, Jure",
      title          = "{Uncovering Mass Generation Through Higgs Flavor
                        Violation}",
      journal        = "Phys. Rev.",
      volume         = "D93",
      year           = "2016",
      number         = "3",
      pages          = "031301",
      doi            = "10.1103/PhysRevD.93.031301",
      eprint         = "1507.07927",
      archivePrefix  = "arXiv",
      primaryClass   = "hep-ph",
      SLACcitation   = "%%CITATION = ARXIV:1507.07927;%%"
}


@article{Ghosh:2015gpa,
      author         = "Ghosh, Diptimoy and Gupta, Rick Sandeepan and Perez,
                        Gilad",
      title          = "{Is the Higgs Mechanism of Fermion Mass Generation a
                        Fact? A Yukawa-less First-Two-Generation Model}",
      journal        = "Phys. Lett.",
      volume         = "B755",
      year           = "2016",
      pages          = "504-508",
      doi            = "10.1016/j.physletb.2016.02.059",
      eprint         = "1508.01501",
      archivePrefix  = "arXiv",
      primaryClass   = "hep-ph",
      SLACcitation   = "%%CITATION = ARXIV:1508.01501;%%"
}


@article{Crivellin:2015lwa,
      author         = "Crivellin, Andreas and D'Ambrosio, Giancarlo and Heeck,
                        Julian",
      title          = "{Addressing the LHC flavor anomalies with horizontal
                        gauge symmetries}",
      journal        = "Phys. Rev.",
      volume         = "D91",
      year           = "2015",
      number         = "7",
      pages          = "075006",
      doi            = "10.1103/PhysRevD.91.075006",
      eprint         = "1503.03477",
      archivePrefix  = "arXiv",
      primaryClass   = "hep-ph",
      reportNumber   = "CERN-PH-TH-2015-046, ULB-TH-15-03",
      SLACcitation   = "%%CITATION = ARXIV:1503.03477;%%"
}


@article{Crivellin:2015mga,
      author         = "Crivellin, Andreas and D'Ambrosio, Giancarlo and Heeck,
                        Julian",
      title          = "{Explaining $h\to\mu^\pm\tau^\mp$, $B\to K^* \mu^+\mu^-$
                        and $B\to K \mu^+\mu^-/B\to K e^+e^-$ in a
                        two-Higgs-doublet model with gauged $L_\mu-L_\tau$}",
      journal        = "Phys. Rev. Lett.",
      volume         = "114",
      year           = "2015",
      pages          = "151801",
      doi            = "10.1103/PhysRevLett.114.151801",
      eprint         = "1501.00993",
      archivePrefix  = "arXiv",
      primaryClass   = "hep-ph",
      reportNumber   = "CERN-PH-TH-2015-001, ULB-TH-14-26",
      SLACcitation   = "%%CITATION = ARXIV:1501.00993;%%"
}



%%% contains utf-8, see: https://inspirehep.net/info/faq/general#utf8
%%% add \usepackage[utf8]{inputenc} to your latex preamble

@article{Campos:2014zaa,
      author         = "Campos, Miguel D. and CÃ¡rcamo HernÃ¡ndez, A. E. and
                        PÃ¤s, Heinrich and Schumacher, Erik",
      title          = "{Higgs $\rightarrow$ $\mu\tau$ as an indication for $S_4$
                        flavor symmetry}",
      journal        = "Phys. Rev.",
      volume         = "D91",
      year           = "2015",
      number         = "11",
      pages          = "116011",
      doi            = "10.1103/PhysRevD.91.116011",
      eprint         = "1408.1652",
      archivePrefix  = "arXiv",
      primaryClass   = "hep-ph",
      SLACcitation   = "%%CITATION = ARXIV:1408.1652;%%"
}


@article{Varzielas:2015iva,
      author         = "de Medeiros Varzielas, Ivo and Hiller, Gudrun",
      title          = "{Clues for flavor from rare lepton and quark decays}",
      journal        = "JHEP",
      volume         = "06",
      year           = "2015",
      pages          = "072",
      doi            = "10.1007/JHEP06(2015)072",
      eprint         = "1503.01084",
      archivePrefix  = "arXiv",
      primaryClass   = "hep-ph",
      reportNumber   = "DO-TH-15-02, QFET-2015-04",
      SLACcitation   = "%%CITATION = ARXIV:1503.01084;%%"
}

@article{LHCb:2016yxg,
      author         = "The LHCb Collaboration",
      title          = "{Search for $H^0 \rightarrow b \bar{b}$ or $c \bar{c}$ in
                        association with a $W$ or $Z$ boson in the forward region
                        of $pp$ collisions}",
      collaboration  = "LHCb",
      year           = "2016",
      reportNumber   = "LHCb-CONF-2016-006, CERN-LHCb-CONF-2016-006",
      SLACcitation   = "%%CITATION = LHCB-CONF-2016-006;%%"
}

@article{Aaij:2015yqa,
      author         = "Aaij, Roel and others",
      title          = "{Identification of beauty and charm quark jets at LHCb}",
      collaboration  = "LHCb",
      journal        = "JINST",
      volume         = "10",
      year           = "2015",
      number         = "06",
      pages          = "P06013",
      doi            = "10.1088/1748-0221/10/06/P06013",
      eprint         = "1504.07670",
      archivePrefix  = "arXiv",
      primaryClass   = "hep-ex",
      reportNumber   = "LHCB-PAPER-2015-016, CERN-PH-EP-2015-101",
      SLACcitation   = "%%CITATION = ARXIV:1504.07670;%%"
}

@article{Boselli:2017pef,
      author         = "Boselli, Stefano and Carloni Calame, Carlo M. and
			Montagna, Guido and Nicrosini, Oreste and Piccinini,
                        Fulvio and Shivaji, Ambresh",
      title          = "{Higgs decay into four charged leptons in the presence of
                        dimension-six operators}",
      journal        = "JHEP",
      volume         = "01",
      year           = "2018",
      pages          = "096",
      doi            = "10.1007/JHEP01(2018)096",
      eprint         = "1703.06667",
      archivePrefix  = "arXiv",
      primaryClass   = "hep-ph",
      reportNumber   = "CP3-17-07",
      SLACcitation   = "%%CITATION = ARXIV:1703.06667;%%"                                                                                                       
}













@article{Aaboud:2017xnb,
      author         = "Aaboud, Morad and others",
      title          = "{Search for exclusive Higgs and $Z$ boson decays to
                        $\phi\gamma$ and $\rho\gamma$ with the ATLAS detector}",
      collaboration  = "ATLAS",
      year           = "2017",
      eprint         = "1712.02758",
      archivePrefix  = "arXiv",
      primaryClass   = "hep-ex",
      reportNumber   = "CERN-EP-2017-273",
      SLACcitation   = "%%CITATION = ARXIV:1712.02758;%%"
}


@article{Aaboud:2016rug,
      author         = "Aaboud, Morad and others",
      title          = "{Search for Higgs and $Z$ Boson Decays to $\phi\,\gamma$
                        with the ATLAS Detector}",
      collaboration  = "ATLAS",
      journal        = "Phys. Rev. Lett.",
      volume         = "117",
      year           = "2016",
      number         = "11",
      pages          = "111802",
      doi            = "10.1103/PhysRevLett.117.111802",
      eprint         = "1607.03400",
      archivePrefix  = "arXiv",
      primaryClass   = "hep-ex",
      reportNumber   = "CERN-EP-2016-130",
      SLACcitation   = "%%CITATION = ARXIV:1607.03400;%%"
}

@article{Alte:2016yuw,
      author         = {Alte, Stefan and K\"{o}nig, Matthias and Neubert, Matthias},
      title          = "{Exclusive Weak Radiative Higgs Decays in the Standard
                        Model and Beyond}",
      journal        = "JHEP",
      volume         = "12",
      year           = "2016",
      pages          = "037",
      doi            = "10.1007/JHEP12(2016)037",
      eprint         = "1609.06310",
      archivePrefix  = "arXiv",
      primaryClass   = "hep-ph",
      reportNumber   = "MITP-16-070",
      SLACcitation   = "%%CITATION = ARXIV:1609.06310;%%"
}

@article{Soreq:2016rae,
      author         = "Soreq, Yotam and Zhu, Hua Xing and Zupan, Jure",
      title          = "{Light quark Yukawa couplings from Higgs kinematics}",
      journal        = "JHEP",
      volume         = "12",
      year           = "2016",
      pages          = "045",
      doi            = "10.1007/JHEP12(2016)045",
      eprint         = "1606.09621",
      archivePrefix  = "arXiv",
      primaryClass   = "hep-ph",
      reportNumber   = "MIT-CTP-4817",
      SLACcitation   = "%%CITATION = ARXIV:1606.09621;%%"
}


@article{Bishara:2016jga,
      author         = "Bishara, Fady and Haisch, Ulrich and Monni, Pier
                        Francesco and Re, Emanuele",
      title          = "{Constraining Light-Quark Yukawa Couplings from Higgs
                        Distributions}",
      journal        = "Phys. Rev. Lett.",
      volume         = "118",
      year           = "2017",
      number         = "12",
      pages          = "121801",
      doi            = "10.1103/PhysRevLett.118.121801",
      eprint         = "1606.09253",
      archivePrefix  = "arXiv",
      primaryClass   = "hep-ph",
      reportNumber   = "OUTP-16-18P, CERN-TH-2016-136, LAPTH-026/16",
      SLACcitation   = "%%CITATION = ARXIV:1606.09253;%%"
}

@article{Gao:2016jcm,
      author         = "Gao, Jun",
      title          = "{Probing light-quark Yukawa couplings via hadronic event
                        shapes at lepton colliders}",
      journal        = "JHEP",
      volume         = "01",
      year           = "2018",
      pages          = "038",
      doi            = "10.1007/JHEP01(2018)038",
      eprint         = "1608.01746",
      archivePrefix  = "arXiv",
      primaryClass   = "hep-ph",
      SLACcitation   = "%%CITATION = ARXIV:1608.01746;%%"
}

@article{Duarte-Campderros:2018ouv,
      author         = "Duarte-Campderros, J. and Perez, G. and Schlaffer, M. and
                        Soffer, A.",
      title          = "{Probing the strange Higgs coupling at lepton colliders
                        using light-jet flavor tagging}",
      year           = "2018",
      eprint         = "1811.09636",
      archivePrefix  = "arXiv",
      primaryClass   = "hep-ph",
      SLACcitation   = "%%CITATION = ARXIV:1811.09636;%%"
}

@article{Sjostrand:2006za,
      author         = "Sj{\"o}strand, Torbj{\"o}rn and Mrenna, Stephen and Skands, Peter Z.",
      title          = "{PYTHIA 6.4 Physics and Manual}",
      journal        = "JHEP",
      volume         = "05",
      year           = "2006",
      pages          = "026",
      doi            = "10.1088/1126-6708/2006/05/026",
      eprint         = "hep-ph/0603175",
      archivePrefix  = "arXiv",
      primaryClass   = "hep-ph",
      reportNumber   = "FERMILAB-PUB-06-052-CD-T, LU-TP-06-13",
      SLACcitation   = "%%CITATION = HEP-PH/0603175;%%"
}

@article{Sjostrand:2014zea,
      author         = "Sj{\"o}strand, Torbj{\"o}rn and Ask, Stefan and Christiansen,
                        Jesper R. and Corke, Richard and Desai, Nishita and Ilten,
                        Philip and Mrenna, Stephen and Prestel, Stefan and
                        Rasmussen, Christine O. and Skands, Peter Z.",
      title          = "{An Introduction to PYTHIA 8.2}",
      journal        = "Comput. Phys. Commun.",
      volume         = "191",
      year           = "2015",
      pages          = "159-177",
      doi            = "10.1016/j.cpc.2015.01.024",
      eprint         = "1410.3012",
      archivePrefix  = "arXiv",
      primaryClass   = "hep-ph",
      reportNumber   = "LU-TP-14-36, MCNET-14-22, CERN-PH-TH-2014-190,
                        FERMILAB-PUB-14-316-CD, DESY-14-178, SLAC-PUB-16122",
      SLACcitation   = "%%CITATION = ARXIV:1410.3012;%%"
}
@article{Kalelkar:2000ig,
      author         = "Kalelkar, M. and others",
      title          = "{Light quark fragmentation in polarized Z0 decays at
                        SLD}",
      booktitle      = "{Quantum chromodynamics. Proceedings, 8th Conference, 5th
                        Euroconference, QCD 2000, Montpellier, France, July 6-13,
                        2000}",
      collaboration  = "SLD",
      journal        = "Nucl. Phys. Proc. Suppl.",
      volume         = "96",
      year           = "2001",
      pages          = "31-35",
      doi            = "10.1016/S0920-5632(01)01103-3",
      note           = "[,31(2000)]",
      eprint         = "hep-ex/0008032",
      archivePrefix  = "arXiv",
      primaryClass   = "hep-ex",
      reportNumber   = "SLAC-PUB-8553",
      SLACcitation   = "%%CITATION = HEP-EX/0008032;%%"
}

@article{Boudinov:1998fao,
      author         = "Boudinov, E. and Kluit, P. and Cossutti, F. and Huet, K.
                        and G{u}nther, M. and Botner, O.",
      title          = "{Measurement of the strange quark forward- backward
                        asymmetry around the  Z peak}",
      year           = "1998",
      reportNumber   = "DELPHI-98-115 ICHEP'98 CONF 177",
      SLACcitation   = "%%CITATION = DELPHI-98-115 ICHEP'98 CONF 177;%%"
}

@article{Aad:2014nra,
      author         = "Aad, Georges and others",
      title          = "{Search for pair-produced third-generation squarks
                        decaying via charm quarks or in compressed supersymmetric
                        scenarios in $pp$ collisions at $\sqrt{s}=8~$TeV with the
                        ATLAS detector}",
      collaboration  = "ATLAS",
      journal        = "Phys. Rev.",
      volume         = "D90",
      year           = "2014",
      number         = "5",
      pages          = "052008",
      doi            = "10.1103/PhysRevD.90.052008",
      eprint         = "1407.0608",
      archivePrefix  = "arXiv",
      primaryClass   = "hep-ex",
      reportNumber   = "CERN-PH-EP-2014-141",
      SLACcitation   = "%%CITATION = ARXIV:1407.0608;%%"
}

@article{Aad:2015gna,
      author         = "Aad, Georges and others",
      title          = "{Search for Scalar Charm Quark Pair Production in $pp$
                        Collisions at $\sqrt{s}=~$8 TeV with the ATLAS
                        Detector}",
      collaboration  = "ATLAS",
      journal        = "Phys. Rev. Lett.",
      volume         = "114",
      year           = "2015",
      number         = "16",
      pages          = "161801",
      doi            = "10.1103/PhysRevLett.114.161801",
      eprint         = "1501.01325",
      archivePrefix  = "arXiv",
      primaryClass   = "hep-ex",
      reportNumber   = "CERN-PH-EP-2014-292",
      SLACcitation   = "%%CITATION = ARXIV:1501.01325;%%"
}





@article{Aaboud:2018fhh,
      author         = "Aaboud, M. and others",
      title          = "{Search for the Decay of the Higgs Boson to Charm Quarks
                        with the ATLAS Experiment}",
      collaboration  = "ATLAS",
      journal        = "Phys. Rev. Lett.",
      volume         = "120",
      year           = "2018",
      number         = "21",
      pages          = "211802",
      doi            = "10.1103/PhysRevLett.120.211802",
      eprint         = "1802.04329",
      archivePrefix  = "arXiv",
      primaryClass   = "hep-ex",
      reportNumber   = "CERN-EP-2017-334",
      SLACcitation   = "%%CITATION = ARXIV:1802.04329;%%"
}

@misc{ATLAS-collaboration:2012iza,
     key         = "{ATLAS Collaboration}",
      title          = "{Physics at a High-Luminosity LHC with ATLAS}",
      collaboration  = " ATLAS Collaboration",
      year           = "2012",
      eprint         = "ATL-PHYS-PUB-2012-004, ATL-COM-PHYS-2012-1455",
      reportNumber   = "ATL-PHYS-PUB-2012-004, ATL-COM-PHYS-2012-1455",
}

@techreport{ATL-PHYS-PUB-2018-016,
      title         = "{Prospects for $H\rightarrow c\bar c$ using Charm Tagging
                       with the ATLAS Experiment at the HL-LHC}",
      institution   = "CERN",
      collaboration = "ATLAS Collaboration",
      address       = "Geneva",
      number        = "ATL-PHYS-PUB-2018-016",
      month         = "Aug",
      year          = "2018",
      reportNumber  = "ATL-PHYS-PUB-2018-016",
      url           = "https://cds.cern.ch/record/2633635",
}

@article{Brod:2018pli,
      author         = "Brod, Joachim and Stamou, Emmanuel",
      title          = "{Electric dipole moment constraints on CP-violating
                        heavy-quark Yukawas at next-to-leading order}",
      year           = "2018",
      eprint         = "1810.12303",
      archivePrefix  = "arXiv",
      primaryClass   = "hep-ph",
      reportNumber   = "DO-TH 18/22",
      SLACcitation   = "%%CITATION = ARXIV:1810.12303;%%"
}

@article{Khachatryan:2014aep,
      author         = "Khachatryan, Vardan and others",
      title          = "{Search for a standard model-like Higgs boson in the
                        $\mu^+\mu^-$ and $e^+e^-$ decay channels at the LHC}",
      collaboration  = "CMS",
      journal        = "Phys. Lett.",
      volume         = "B744",
      year           = "2015",
      pages          = "184-207",
      doi            = "10.1016/j.physletb.2015.03.048",
      eprint         = "1410.6679",
      archivePrefix  = "arXiv",
      primaryClass   = "hep-ex",
      reportNumber   = "CMS-HIG-13-007, CERN-PH-EP-2014-243",
      SLACcitation   = "%%CITATION = ARXIV:1410.6679;%%"
}

@article{Sirunyan:2018koj,
      author         = "Sirunyan, Albert M and others",
      title          = "{Combined measurements of Higgs boson couplings in
                        proton-proton collisions at $\sqrt{s}=$ 13 TeV}",
      collaboration  = "CMS",
      journal        = "Submitted to: Eur. Phys. J.",
      year           = "2018",
      eprint         = "1809.10733",
      archivePrefix  = "arXiv",
      primaryClass   = "hep-ex",
      reportNumber   = "CMS-HIG-17-031, CERN-EP-2018-263",
      SLACcitation   = "%%CITATION = ARXIV:1809.10733;%%"
}

@article{Baron:2013eja,
      author         = "Baron, Jacob and others",
      title          = "{Order of Magnitude Smaller Limit on the Electric Dipole
                        Moment of the Electron}",
      collaboration  = "ACME",
      journal        = "Science",
      volume         = "343",
      year           = "2014",
      pages          = "269-272",
      doi            = "10.1126/science.1248213",
      eprint         = "1310.7534",
      archivePrefix  = "arXiv",
      primaryClass   = "physics.atom-ph",
      SLACcitation   = "%%CITATION = ARXIV:1310.7534;%%"
}

@article{Andreev:2018ayy,
      author         = "Andreev, V. and others",
      title          = "{Improved limit on the electric dipole moment of the
                        electron}",
      collaboration  = "ACME",
      journal        = "Nature",
      volume         = "562",
      year           = "2018",
      number         = "7727",
      pages          = "355-360",
      doi            = "10.1038/s41586-018-0599-8",
      SLACcitation   = "%%CITATION = NATUA,562,355;%%"
}
@article{Sirunyan:2017xzt,
      author         = "Sirunyan, Albert M and others",
      title          = "{Search for lepton flavour violating decays of the Higgs
                        boson to $\mu\tau$ and e$\tau$ in proton-proton collisions
                        at $\sqrt{s}=$ 13 TeV}",
      collaboration  = "CMS",
      journal        = "JHEP",
      volume         = "06",
      year           = "2018",
      pages          = "001",
      doi            = "10.1007/JHEP06(2018)001",
      eprint         = "1712.07173",
      archivePrefix  = "arXiv",
      primaryClass   = "hep-ex",
      reportNumber   = "CMS-HIG-17-001, CERN-EP-2017-292",
      SLACcitation   = "%%CITATION = ARXIV:1712.07173;%%"
}

@article{Aad:2016blu,
      author         = "Aad, Georges and others",
      title          = "{Search for lepton-flavour-violating decays of the Higgs
                        and $Z$ bosons with the ATLAS detector}",
      collaboration  = "ATLAS",
      journal        = "Eur. Phys. J.",
      volume         = "C77",
      year           = "2017",
      number         = "2",
      pages          = "70",
      doi            = "10.1140/epjc/s10052-017-4624-0",
      eprint         = "1604.07730",
      archivePrefix  = "arXiv",
      primaryClass   = "hep-ex",
      reportNumber   = "CERN-EP-2016-055",
      SLACcitation   = "%%CITATION = ARXIV:1604.07730;%%"
}

@article{Altmannshofer:2016zrn,
      author         = "Altmannshofer, Wolfgang and Eby, Joshua and Gori,
                        Stefania and Lotito, Matteo and Martone, Mario and
                        Tuckler, Douglas",
      title          = "{Collider Signatures of Flavorful Higgs Bosons}",
      journal        = "Phys. Rev.",
      volume         = "D94",
      year           = "2016",
      number         = "11",
      pages          = "115032",
      doi            = "10.1103/PhysRevD.94.115032",
      eprint         = "1610.02398",
      archivePrefix  = "arXiv",
      primaryClass   = "hep-ph",
      reportNumber   = "FERMILAB-PUB-16-499-PPD",
      SLACcitation   = "%%CITATION = ARXIV:1610.02398;%%"
}

@article{Altmannshofer:2017uvs,
      author         = "Altmannshofer, Wolfgang and Gori, Stefania and Robinson,
                        Dean J. and Tuckler, Douglas",
      title          = "{The Flavor-locked Flavorful Two Higgs Doublet Model}",
      journal        = "JHEP",
      volume         = "03",
      year           = "2018",
      pages          = "129",
      doi            = "10.1007/JHEP03(2018)129",
      eprint         = "1712.01847",
      archivePrefix  = "arXiv",
      primaryClass   = "hep-ph",
      SLACcitation   = "%%CITATION = ARXIV:1712.01847;%%"
}

@article{Altmannshofer:2018bch,
      author         = "Altmannshofer, Wolfgang and Maddock, Brian",
      title          = "{Flavorful Two Higgs Doublet Models with a Twist}",
      journal        = "Phys. Rev.",
      volume         = "D98",
      year           = "2018",
      number         = "7",
      pages          = "075005",
      doi            = "10.1103/PhysRevD.98.075005",
      eprint         = "1805.08659",
      archivePrefix  = "arXiv",
      primaryClass   = "hep-ph",
      SLACcitation   = "%%CITATION = ARXIV:1805.08659;%%"
}

@article{Botella:2016krk,
      author         = "Botella, F. J. and Branco, G. C. and Rebelo, M. N. and
                        Silva-Marcos, J. I.",
      title          = "{What if the masses of the first two quark families are
                        not generated by the standard model Higgs boson?}",
      journal        = "Phys. Rev.",
      volume         = "D94",
      year           = "2016",
      number         = "11",
      pages          = "115031",
      doi            = "10.1103/PhysRevD.94.115031",
      eprint         = "1602.08011",
      archivePrefix  = "arXiv",
      primaryClass   = "hep-ph",
      reportNumber   = "CERN-TH-2016-039",
      SLACcitation   = "%%CITATION = ARXIV:1602.08011;%%"
}

@article{Das:1995df,
      author         = "Das, Ashok K. and Kao, Chung",
      title          = "{A Two Higgs doublet model for the top quark}",
      journal        = "Phys. Lett.",
      volume         = "B372",
      year           = "1996",
      pages          = "106-112",
      doi            = "10.1016/0370-2693(96)00031-7",
      eprint         = "hep-ph/9511329",
      archivePrefix  = "arXiv",
      primaryClass   = "hep-ph",
      reportNumber   = "UR-1446",
      SLACcitation   = "%%CITATION = HEP-PH/9511329;%%"
}

@article{Blechman:2010cs,
      author         = "Blechman, Andrew E. and Petrov, Alexey A. and Yeghiyan,
                        Gagik",
      title          = "{The Flavor puzzle in multi-Higgs models}",
      journal        = "JHEP",
      volume         = "11",
      year           = "2010",
      pages          = "075",
      doi            = "10.1007/JHEP11(2010)075",
      eprint         = "1009.1612",
      archivePrefix  = "arXiv",
      primaryClass   = "hep-ph",
      reportNumber   = "WSU-HEP-1003",
      SLACcitation   = "%%CITATION = ARXIV:1009.1612;%%"
}

@article{Khachatryan:2015lga,
      author         = "Khachatryan, Vardan and others",
      title          = "{Search for a Higgs boson decaying into $\gamma^* \gamma
                        \to \ell \ell \gamma$ with low dilepton mass in pp
                        collisions at $\sqrt s = $ 8 TeV}",
      collaboration  = "CMS",
      journal        = "Phys. Lett.",
      volume         = "B753",
      year           = "2016",
      pages          = "341-362",
      doi            = "10.1016/j.physletb.2015.12.039",
      eprint         = "1507.03031",
      archivePrefix  = "arXiv",
      primaryClass   = "hep-ex",
      reportNumber   = "CMS-HIG-14-003, CERN-PH-EP-2015-137",
      SLACcitation   = "%%CITATION = ARXIV:1507.03031;%%"
}

@article{Isidori:2013cla,
      author         = "Isidori, Gino and Manohar, Aneesh V. and Trott, Michael",
      title          = "{Probing the nature of the Higgs-like Boson via $h \to V
                        \mathcal{F}$ decays}",
      journal        = "Phys. Lett.",
      volume         = "B728",
      year           = "2014",
      pages          = "131-135",
      doi            = "10.1016/j.physletb.2013.11.054",
      eprint         = "1305.0663",
      archivePrefix  = "arXiv",
      primaryClass   = "hep-ph",
      reportNumber   = "CERN-PH-TH-2013-159, CERN-PH-TH-159",
      SLACcitation   = "%%CITATION = ARXIV:1305.0663;%%"
}


%%% contains utf-8, see: http://inspirehep.net/info/faq/general#utf8
%%% add \usepackage[utf8]{inputenc} to your latex preamble

@article{Grossmann:2015lea,
      author         = "Grossman, Yuval and KÃ¶nig, Matthias and Neubert,
                        Matthias",
      title          = "{Exclusive Radiative Decays of W and Z Bosons in QCD
                        Factorization}",
      journal        = "JHEP",
      volume         = "04",
      year           = "2015",
      pages          = "101",
      doi            = "10.1007/JHEP04(2015)101",
      eprint         = "1501.06569",
      archivePrefix  = "arXiv",
      primaryClass   = "hep-ph",
      reportNumber   = "MITP-15-002",
      SLACcitation   = "%%CITATION = ARXIV:1501.06569;%%"
}


%%% contains utf-8, see: http://inspirehep.net/info/faq/general#utf8
%%% add \usepackage[utf8]{inputenc} to your latex preamble

@article{Alte:2015dpo,
      author         = "Alte, Stefan and KÃ¶nig, Matthias and Neubert, Matthias",
      title          = "{Exclusive Radiative Z-Boson Decays to Mesons with
                        Flavor-Singlet Components}",
      journal        = "JHEP",
      volume         = "02",
      year           = "2016",
      pages          = "162",
      doi            = "10.1007/JHEP02(2016)162",
      eprint         = "1512.09135",
      archivePrefix  = "arXiv",
      primaryClass   = "hep-ph",
      reportNumber   = "MITP-15-117",
      SLACcitation   = "%%CITATION = ARXIV:1512.09135;%%"
}

@article{Keung:1983ac,
      author         = "Keung, Wai-Yee",
      title          = "{THE DECAY OF THE HIGGS BOSON INTO HEAVY QUARKONIUM
                        STATES}",
      journal        = "Phys. Rev.",
      volume         = "D27",
      year           = "1983",
      pages          = "2762",
      doi            = "10.1103/PhysRevD.27.2762",
      reportNumber   = "BNL-32694",
      SLACcitation   = "%%CITATION = PHRVA,D27,2762;%%"
}

@article{Arnesen:2008fb,
      author         = "Arnesen, Christian and Rothstein, Ira Z. and Zupan, Jure",
      title          = "{Smoking Guns for On-Shell New Physics at the LHC}",
      journal        = "Phys. Rev. Lett.",
      volume         = "103",
      year           = "2009",
      pages          = "151801",
      doi            = "10.1103/PhysRevLett.103.151801",
      eprint         = "0809.1429",
      archivePrefix  = "arXiv",
      primaryClass   = "hep-ph",
      SLACcitation   = "%%CITATION = ARXIV:0809.1429;%%"
}


%%% contains utf-8, see: http://inspirehep.net/info/faq/general#utf8
%%% add \usepackage[utf8]{inputenc} to your latex preamble

@article{Biekotter:2016ecg,
      author         = "BiekÃ¶tter, Anke and Brehmer, Johann and Plehn, Tilman",
      title          = "{Extending the limits of Higgs effective theory}",
      journal        = "Phys. Rev.",
      volume         = "D94",
      year           = "2016",
      number         = "5",
      pages          = "055032",
      doi            = "10.1103/PhysRevD.94.055032",
      eprint         = "1602.05202",
      archivePrefix  = "arXiv",
      primaryClass   = "hep-ph",
      SLACcitation   = "%%CITATION = ARXIV:1602.05202;%%"
}

@article{Brehmer:2015rna,
      author         = "Brehmer, Johann and Freitas, Ayres and Lopez-Val, David
                        and Plehn, Tilman",
      title          = "{Pushing Higgs Effective Theory to its Limits}",
      journal        = "Phys. Rev.",
      volume         = "D93",
      year           = "2016",
      number         = "7",
      pages          = "075014",
      doi            = "10.1103/PhysRevD.93.075014",
      eprint         = "1510.03443",
      archivePrefix  = "arXiv",
      primaryClass   = "hep-ph",
      SLACcitation   = "%%CITATION = ARXIV:1510.03443;%%"
}

@article{Dawson:2015gka,
      author         = "Dawson, S. and Lewis, I. M. and Zeng, Mao",
      title          = "{Usefulness of effective field theory for boosted Higgs
                        production}",
      journal        = "Phys. Rev.",
      volume         = "D91",
      year           = "2015",
      pages          = "074012",
      doi            = "10.1103/PhysRevD.91.074012",
      eprint         = "1501.04103",
      archivePrefix  = "arXiv",
      primaryClass   = "hep-ph",
      reportNumber   = "SLAC-PUB-16208",
      SLACcitation   = "%%CITATION = ARXIV:1501.04103;%%"
}

@article{Schlaffer:2014osa,
      author         = "Schlaffer, Matthias and Spannowsky, Michael and Takeuchi,
                        Michihisa and Weiler, Andreas and Wymant, Chris",
      title          = "{Boosted Higgs Shapes}",
      journal        = "Eur. Phys. J.",
      volume         = "C74",
      year           = "2014",
      number         = "10",
      pages          = "3120",
      doi            = "10.1140/epjc/s10052-014-3120-z",
      eprint         = "1405.4295",
      archivePrefix  = "arXiv",
      primaryClass   = "hep-ph",
      reportNumber   = "IPPP-14-35, DCPT-14-70, CERN-PH-TH-2014-083, DESY-14-069,
                        KCL-PH-TH-2014-22",
      SLACcitation   = "%%CITATION = ARXIV:1405.4295;%%"
}

@article{Grojean:2013nya,
      author         = "Grojean, Christophe and Salvioni, Ennio and Schlaffer,
                        Matthias and Weiler, Andreas",
      title          = "{Very boosted Higgs in gluon fusion}",
      journal        = "JHEP",
      volume         = "05",
      year           = "2014",
      pages          = "022",
      doi            = "10.1007/JHEP05(2014)022",
      eprint         = "1312.3317",
      archivePrefix  = "arXiv",
      primaryClass   = "hep-ph",
      reportNumber   = "CERN-PH-TH-2013-292, DESY-13-233",
      SLACcitation   = "%%CITATION = ARXIV:1312.3317;%%"
}

@article{Langenegger:2015lra,
      author         = "Langenegger, Urs and Spira, Michael and Strebel, Ivo",
      title          = "{Testing the Higgs Boson Coupling to Gluons}",
      year           = "2015",
      eprint         = "1507.01373",
      archivePrefix  = "arXiv",
      primaryClass   = "hep-ph",
      reportNumber   = "PSI-PR-15-07",
      SLACcitation   = "%%CITATION = ARXIV:1507.01373;%%"
}

@article{Bramante:2014hua,
      author         = "Bramante, Joseph and Delgado, Antonio and Lehman, Landon
                        and Martin, Adam",
      title          = "{Boosted Higgses from chromomagnetic $b$'s: $b\bar{b}h$
                        at high luminosity}",
      journal        = "Phys. Rev.",
      volume         = "D93",
      year           = "2016",
      number         = "5",
      pages          = "053001",
      doi            = "10.1103/PhysRevD.93.053001",
      eprint         = "1410.3484",
      archivePrefix  = "arXiv",
      primaryClass   = "hep-ph",
      reportNumber   = "CERN-PH-TH-2014-179",
      SLACcitation   = "%%CITATION = ARXIV:1410.3484;%%"
}

@article{Buschmann:2014twa,
      author         = "Buschmann, Malte and Englert, Christoph and Goncalves,
                        Dorival and Plehn, Tilman and Spannowsky, Michael",
      title          = "{Resolving the Higgs-Gluon Coupling with Jets}",
      journal        = "Phys. Rev.",
      volume         = "D90",
      year           = "2014",
      number         = "1",
      pages          = "013010",
      doi            = "10.1103/PhysRevD.90.013010",
      eprint         = "1405.7651",
      archivePrefix  = "arXiv",
      primaryClass   = "hep-ph",
      reportNumber   = "IPPP-14-50, DCPT-14-100",
      SLACcitation   = "%%CITATION = ARXIV:1405.7651;%%"
}

@article{Azatov:2013xha,
      author         = "Azatov, Aleksandr and Paul, Ayan",
      title          = "{Probing Higgs couplings with high $p_T$ Higgs
                        production}",
      journal        = "JHEP",
      volume         = "01",
      year           = "2014",
      pages          = "014",
      doi            = "10.1007/JHEP01(2014)014",
      eprint         = "1309.5273",
      archivePrefix  = "arXiv",
      primaryClass   = "hep-ph",
      SLACcitation   = "%%CITATION = ARXIV:1309.5273;%%"
}

@article{Banfi:2013yoa,
      author         = "Banfi, Andrea and Martin, Adam and Sanz, Veronica",
      title          = "{Probing top-partners in Higgs+jets}",
      journal        = "JHEP",
      volume         = "08",
      year           = "2014",
      pages          = "053",
      doi            = "10.1007/JHEP08(2014)053",
      eprint         = "1308.4771",
      archivePrefix  = "arXiv",
      primaryClass   = "hep-ph",
      reportNumber   = "CERN-PH-TH-2013-199",
      SLACcitation   = "%%CITATION = ARXIV:1308.4771;%%"
}

@article{Collins:1984kg,
      author         = "Collins, John C. and Soper, Davison E. and Sterman,
                        George F.",
      title          = "{Transverse Momentum Distribution in Drell-Yan Pair and W
                        and Z Boson Production}",
      journal        = "Nucl. Phys.",
      volume         = "B250",
      year           = "1985",
      pages          = "199-224",
      doi            = "10.1016/0550-3213(85)90479-1",
      reportNumber   = "CERN-TH-3923",
      SLACcitation   = "%%CITATION = NUPHA,B250,199;%%"
}

@article{Baur:1989cm,
      author         = "Baur, U. and Glover, E. W. Nigel",
      title          = "{Higgs Boson Production at Large Transverse Momentum in
                        Hadronic Collisions}",
      journal        = "Nucl. Phys.",
      volume         = "B339",
      year           = "1990",
      pages          = "38-66",
      doi            = "10.1016/0550-3213(90)90532-I",
      reportNumber   = "MAD-PH-547, FERMILAB-PUB-89-243-T",
      SLACcitation   = "%%CITATION = NUPHA,B339,38;%%"
}

@article{CMS:2018hhg,
      author         = "CMS Collaboration",
      title          = "{Combined measurement and interpretation of differential
                        Higgs boson production cross sections at $\sqrt{s}$=13
                        TeV}",
      collaboration  = "CMS",
      year           = "2018",
      reportNumber   = "CMS-PAS-HIG-17-028",
      SLACcitation   = "%%CITATION = CMS-PAS-HIG-17-028;%%"
}

@article{CMS-PAS-HIG-17-028,
      author         = "CMS Collaboration",
      title          = "{Combined measurement and interpretation of differential
                        Higgs boson production cross sections at $\sqrt{s}$=13
                        TeV}",
      collaboration  = "CMS",
      year           = "2018",
      reportNumber   = "CMS-PAS-HIG-17-028",
      SLACcitation   = "%%CITATION = CMS-PAS-HIG-17-028;%%"
}

@article{Dimopoulos:1981zb,
      author         = "Dimopoulos, Savas and Georgi, Howard",
      title          = "{Softly Broken Supersymmetry and SU(5)}",
      journal        = "Nucl. Phys.",
      volume         = "B193",
      year           = "1981",
      pages          = "150-162",
      doi            = "10.1016/0550-3213(81)90522-8",
      reportNumber   = "HUTP-81/A022",
      SLACcitation   = "%%CITATION = NUPHA,B193,150;%%"
}

@article{Witten:1981nf,
      author         = "Witten, Edward",
      title          = "{Dynamical Breaking of Supersymmetry}",
      journal        = "Nucl. Phys.",
      volume         = "B188",
      year           = "1981",
      pages          = "513",
      doi            = "10.1016/0550-3213(81)90006-7",
      reportNumber   = "Print-81-0317 (PRINCETON)",
      SLACcitation   = "%%CITATION = NUPHA,B188,513;%%"
}

@article{Dasgupta:2013ihk,
      author         = "Dasgupta, Mrinal and Fregoso, Alessandro and Marzani,
                        Simone and Salam, Gavin P.",
      title          = "{Towards an understanding of jet substructure}",
      journal        = "JHEP",
      volume         = "09",
      year           = "2013",
      pages          = "029",
      doi            = "10.1007/JHEP09(2013)029",
      eprint         = "1307.0007",
      archivePrefix  = "arXiv",
      primaryClass   = "hep-ph",
      reportNumber   = "CERN-PH-TH-2013-145, DCPT-13-86, IPPP-13-43, LPN13-036,
                        MAN-HEP-2013-12",
      SLACcitation   = "%%CITATION = ARXIV:1307.0007;%%"
}

@article{Larkoski:2014wba,
      author         = "Larkoski, Andrew J. and Marzani, Simone and Soyez,
                        Gregory and Thaler, Jesse",
      title          = "{Soft Drop}",
      journal        = "JHEP",
      volume         = "05",
      year           = "2014",
      pages          = "146",
      doi            = "10.1007/JHEP05(2014)146",
      eprint         = "1402.2657",
      archivePrefix  = "arXiv",
      primaryClass   = "hep-ph",
      reportNumber   = "MIT-CTP-4531, DCPT-14-24, IPPP-14-12",
      SLACcitation   = "%%CITATION = ARXIV:1402.2657;%%"
}

@article{Aaboud:2017mfd,
      author         = "Aaboud, Morad and others",
      title          = "{Search for top quark decays $t\rightarrow qH$, with
                        $H\to\gamma\gamma$, in $\sqrt{s}=13$ TeV $pp$ collisions
                        using the ATLAS detector}",
      collaboration  = "ATLAS",
      journal        = "JHEP",
      volume         = "10",
      year           = "2017",
      pages          = "129",
      doi            = "10.1007/JHEP10(2017)129",
      eprint         = "1707.01404",
      archivePrefix  = "arXiv",
      primaryClass   = "hep-ex",
      reportNumber   = "CERN-EP-2017-118",
      SLACcitation   = "%%CITATION = ARXIV:1707.01404;%%"
}

@article{Khachatryan:2016atv,
      author         = "Khachatryan, Vardan and others",
      title          = "{Search for top quark decays via Higgs-boson-mediated
                        flavor-changing neutral currents in pp collisions at $
                        \sqrt{s}=8 $ TeV}",
      collaboration  = "CMS",
      journal        = "JHEP",
      volume         = "02",
      year           = "2017",
      pages          = "079",
      doi            = "10.1007/JHEP02(2017)079",
      eprint         = "1610.04857",
      archivePrefix  = "arXiv",
      primaryClass   = "hep-ex",
      reportNumber   = "CMS-TOP-13-017, CERN-EP-2016-208",
      SLACcitation   = "%%CITATION = ARXIV:1610.04857;%%"
}

@article{Aad:2015pja,
      author         = "Aad, Georges and others",
      title          = "{Search for flavour-changing neutral current top quark
                        decays $t\to Hq$ in $pp$ collisions at $\sqrt{s}=8$ TeV
                        with the ATLAS detector}",
      collaboration  = "ATLAS",
      journal        = "JHEP",
      volume         = "12",
      year           = "2015",
      pages          = "061",
      doi            = "10.1007/JHEP12(2015)061",
      eprint         = "1509.06047",
      archivePrefix  = "arXiv",
      primaryClass   = "hep-ex",
      reportNumber   = "CERN-PH-EP-2015-229",
      SLACcitation   = "%%CITATION = ARXIV:1509.06047;%%"
}

@article{Aad:2014dya,
      author         = "Aad, Georges and others",
      title          = "{Search for top quark decays $t \to qH$ with $H \to
                        \gamma\gamma$ using the ATLAS detector}",
      collaboration  = "ATLAS",
      journal        = "JHEP",
      volume         = "06",
      year           = "2014",
      pages          = "008",
      doi            = "10.1007/JHEP06(2014)008",
      eprint         = "1403.6293",
      archivePrefix  = "arXiv",
      primaryClass   = "hep-ex",
      reportNumber   = "CERN-PH-EP-2014-036",
      SLACcitation   = "%%CITATION = ARXIV:1403.6293;%%"
}

@article{Brod:2018xyz,
      author         = "Brod, Joachim and Skodras, Dimitrios",
      title          = "{Electric dipole moment constraints on CP-violating light-quark Yukawas}",
      year           = "2018",
      eprint         = "1811.05480",
      archivePrefix  = "arXiv",
      primaryClass   = "hep-ph",
      reportNumber   = "DO-TH 18/26",
      SLACcitation   = "%%CITATION = ARXIV:1811.05480;%%"
}

@article{Artoisenet:2013puc,
      author         = "Artoisenet, P. and others",
      title          = "{A framework for Higgs characterisation}",
      journal        = "JHEP",
      volume         = "11",
      year           = "2013",
      pages          = "043",
      doi            = "10.1007/JHEP11(2013)043",
      eprint         = "1306.6464",
      archivePrefix  = "arXiv",
      primaryClass   = "hep-ph",
      reportNumber   = "CERN-PH-TH-2013-148",
      SLACcitation   = "%%CITATION = ARXIV:1306.6464;%%"
}
@article{AmorDosSantos:2017ayi,
      author         = "Amor Dos Santos, S. and others",
      title          = "{Probing the CP nature of the Higgs coupling in $t{\bar
                        t}h$ events at the LHC}",
      journal        = "Phys. Rev.",
      volume         = "D96",
      year           = "2017",
      number         = "1",
      pages          = "013004",
      doi            = "10.1103/PhysRevD.96.013004",
      eprint         = "1704.03565",
      archivePrefix  = "arXiv",
      primaryClass   = "hep-ph",
      SLACcitation   = "%%CITATION = ARXIV:1704.03565;%%"
}
@article{Azevedo:2017qiz,
      author         = "Azevedo, D. and Onofre, A. and Filthaut, F. and Goncalo,
                        R.",
      title          = "{CP tests of Higgs couplings in $t\bar{t}h$ semileptonic
                        events at the LHC}",
      journal        = "Phys. Rev.",
      volume         = "D98",
      year           = "2018",
      number         = "3",
      pages          = "033004",
      doi            = "10.1103/PhysRevD.98.033004",
      eprint         = "1711.05292",
      archivePrefix  = "arXiv",
      primaryClass   = "hep-ph",
      SLACcitation   = "%%CITATION = ARXIV:1711.05292;%%"
}

@article{Aaboud:2017jvq,
      author         = "Aaboud, Morad and others",
      title          = "{Evidence for the associated production of the Higgs
                        boson and a top quark pair with the ATLAS detector}",
      collaboration  = "ATLAS",
      journal        = "Phys. Rev.",
      volume         = "D97",
      year           = "2018",
      number         = "7",
      pages          = "072003",
      doi            = "10.1103/PhysRevD.97.072003",
      eprint         = "1712.08891",
      archivePrefix  = "arXiv",
      primaryClass   = "hep-ex",
      reportNumber   = "CERN-EP-2017-281",
      SLACcitation   = "%%CITATION = ARXIV:1712.08891;%%"
}

@article{Aaboud:2018urx,
      author         = "Aaboud, M. and others",
      title          = "{Observation of Higgs boson production in association
                        with a top quark pair at the LHC with the ATLAS detector}",
      collaboration  = "ATLAS",
      journal        = "Phys. Lett.",
      volume         = "B784",
      year           = "2018",
      pages          = "173-191",
      doi            = "10.1016/j.physletb.2018.07.035",
      eprint         = "1806.00425",
      archivePrefix  = "arXiv",
      primaryClass   = "hep-ex",
      reportNumber   = "CERN-EP-2018-138",
      SLACcitation   = "%%CITATION = ARXIV:1806.00425;%%"
}

@article{Sirunyan:2018shy,
      author         = "Sirunyan, Albert M and others",
      title          = "{Evidence for associated production of a Higgs boson with
                        a top quark pair in final states with electrons, muons,
                        and hadronically decaying $\tau$ leptons at $\sqrt{s} =$
                        13 TeV}",
      collaboration  = "CMS",
      journal        = "JHEP",
      volume         = "08",
      year           = "2018",
      pages          = "066",
      doi            = "10.1007/JHEP08(2018)066",
      eprint         = "1803.05485",
      archivePrefix  = "arXiv",
      primaryClass   = "hep-ex",
      reportNumber   = "CMS-HIG-17-018, CERN-EP-2018-017",
      SLACcitation   = "%%CITATION = ARXIV:1803.05485;%%"
}

@article{Aad:2015vsa,
      author         = "Aad, Georges and others",
      title          = "{Evidence for the Higgs-boson Yukawa coupling to tau
                        leptons with the ATLAS detector}",
      collaboration  = "ATLAS",
      journal        = "JHEP",
      volume         = "04",
      year           = "2015",
      pages          = "117",
      doi            = "10.1007/JHEP04(2015)117",
      eprint         = "1501.04943",
      archivePrefix  = "arXiv",
      primaryClass   = "hep-ex",
      reportNumber   = "CERN-PH-EP-2014-262",
      SLACcitation   = "%%CITATION = ARXIV:1501.04943;%%"
}

@article{Aaboud:2018pen,
      author         = "Aaboud, Morad and others",
      title          = "{Cross-section measurements of the Higgs boson decaying
                        into a pair of $\tau$-leptons in proton-proton collisions
                        at $\sqrt{s}=13$ TeV with the ATLAS detector}",
      collaboration  = "ATLAS",
      journal        = "Submitted to: Phys. Rev.",
      year           = "2018",
      eprint         = "1811.08856",
      archivePrefix  = "arXiv",
      primaryClass   = "hep-ex",
      reportNumber   = "CERN-EP-2018-232",
      SLACcitation   = "%%CITATION = ARXIV:1811.08856;%%"
}

@article{Sirunyan:2018kst,
      author         = "Sirunyan, A. M. and others",
      title          = "{Observation of Higgs boson decay to bottom quarks}",
      collaboration  = "CMS",
      journal        = "Phys. Rev. Lett.",
      volume         = "121",
      year           = "2018",
      number         = "12",
      pages          = "121801",
      doi            = "10.1103/PhysRevLett.121.121801",
      eprint         = "1808.08242",
      archivePrefix  = "arXiv",
      primaryClass   = "hep-ex",
      reportNumber   = "CMS-HIG-18-016, CERN-EP-2018-223",
      SLACcitation   = "%%CITATION = ARXIV:1808.08242;%%"
}

@article{Aaboud:2018zhk,
      author         = "Aaboud, Morad and others",
      title          = "{Observation of $H \rightarrow b\bar{b}$ decays and $VH$
                        production with the ATLAS detector}",
      collaboration  = "ATLAS",
      journal        = "Phys. Lett.",
      volume         = "B786",
      year           = "2018",
      pages          = "59-86",
      doi            = "10.1016/j.physletb.2018.09.013",
      eprint         = "1808.08238",
      archivePrefix  = "arXiv",
      primaryClass   = "hep-ex",
      reportNumber   = "CERN-EP-2018-215",
      SLACcitation   = "%%CITATION = ARXIV:1808.08238;%%"
}

@article{Aaboud:2018fhh,
      author         = "Aaboud, M. and others",
      title          = "{Search for the Decay of the Higgs Boson to Charm Quarks
                        with the ATLAS Experiment}",
      collaboration  = "ATLAS",
      journal        = "Phys. Rev. Lett.",
      volume         = "120",
      year           = "2018",
      number         = "21",
      pages          = "211802",
      doi            = "10.1103/PhysRevLett.120.211802",
      eprint         = "1802.04329",
      archivePrefix  = "arXiv",
      primaryClass   = "hep-ex",
      reportNumber   = "CERN-EP-2017-334",
      SLACcitation   = "%%CITATION = ARXIV:1802.04329;%%"
}

@article{Aaboud:2017ojs,
      author         = "Aaboud, Morad and others",
      title          = "{Search for the dimuon decay of the Higgs boson in $pp$
                        collisions at $\sqrt{s}$ = 13 TeV with the ATLAS
                        detector}",
      collaboration  = "ATLAS",
      journal        = "Phys. Rev. Lett.",
      volume         = "119",
      year           = "2017",
      number         = "5",
      pages          = "051802",
      doi            = "10.1103/PhysRevLett.119.051802",
      eprint         = "1705.04582",
      archivePrefix  = "arXiv",
      primaryClass   = "hep-ex",
      reportNumber   = "CERN-EP-2017-078",
      SLACcitation   = "%%CITATION = ARXIV:1705.04582;%%"
}

@article{Perez:2015aoa,
      author         = "Perez, Gilad and Soreq, Yotam and Stamou, Emmanuel and
                        Tobioka, Kohsaku",
      title          = "{Constraining the charm Yukawa and Higgs-quark coupling
                        universality}",
      journal        = "Phys. Rev.",
      volume         = "D92",
      year           = "2015",
      number         = "3",
      pages          = "033016",
      doi            = "10.1103/PhysRevD.92.033016",
      eprint         = "1503.00290",
      archivePrefix  = "arXiv",
      primaryClass   = "hep-ph",
      reportNumber   = "KEK-TH-1813",
      SLACcitation   = "%%CITATION = ARXIV:1503.00290;%%"
}

@article{Altmannshofer:2015qra,
      author         = "Altmannshofer, Wolfgang and Brod, Joachim and Schmaltz,
                        Martin",
      title          = "{Experimental constraints on the coupling of the Higgs
                        boson to electrons}",
      journal        = "JHEP",
      volume         = "05",
      year           = "2015",
      pages          = "125",
      doi            = "10.1007/JHEP05(2015)125",
      eprint         = "1503.04830",
      archivePrefix  = "arXiv",
      primaryClass   = "hep-ph",
      reportNumber   = "MITP-15-010",
      SLACcitation   = "%%CITATION = ARXIV:1503.04830;%%"
}

@article{Kagan:2014ila,
      author         = "Kagan, Alexander L. and Perez, Gilad and Petriello, Frank
                        and Soreq, Yotam and Stoynev, Stoyan and Zupan, Jure",
      title          = "{Exclusive Window onto Higgs Yukawa Couplings}",
      journal        = "Phys. Rev. Lett.",
      volume         = "114",
      year           = "2015",
      number         = "10",
      pages          = "101802",
      doi            = "10.1103/PhysRevLett.114.101802",
      eprint         = "1406.1722",
      archivePrefix  = "arXiv",
      primaryClass   = "hep-ph",
      SLACcitation   = "%%CITATION = ARXIV:1406.1722;%%"
}
