% -- include here the bibtex style bibliography items for your section

@misc{HLHELHCCommonSystematics,
   title = "Recommendations for Systematic Uncertainties at HL-LHC",
   note  = "Currently collected in a Twiki page, numbers will go either in a YR Appendix or in a standalone note.",
   url   = "https://twiki.cern.ch/twiki/bin/view/LHCPhysics/HLHELHCCommonSystematics",
   howpublished = ""
}

@article{ATLAS:2018uso,
      author         = "The ATLAS collaboration",
      title          = "{Measurements of Higgs boson properties in the diphoton
                        decay channel using 80 fb$^{-1}$ of $pp$ collision data at
                        $\sqrt s$ = 13 TeV with the ATLAS detector}",
      collaboration  = "ATLAS",
      year           = "2018",
      reportNumber   = "ATLAS-CONF-2018-028",
      SLACcitation   = "%%CITATION = ATLAS-CONF-2018-028;%%"
}


@article{Aad:2012tfa,
      author         = "Aad, Georges and others",
      title          = "{Observation of a new particle in the search for the
                        Standard Model Higgs boson with the ATLAS detector at the
                        LHC}",
      collaboration  = "ATLAS",
      journal        = "Phys. Lett.",
      volume         = "B716",
      year           = "2012",
      pages          = "1-29",
      doi            = "10.1016/j.physletb.2012.08.020",
      eprint         = "1207.7214",
      archivePrefix  = "arXiv",
      primaryClass   = "hep-ex",
      reportNumber   = "CERN-PH-EP-2012-218",
      SLACcitation   = "%%CITATION = ARXIV:1207.7214;%%"
}

@article{Dauncey:2014xga,
      author         = "Dauncey, P. D. and Kenzie, M. and Wardle, N. and Davies,
                        G. J.",
      title          = "{Handling uncertainties in background shapes}",
      journal        = "JINST",
      volume         = "10",
      year           = "2015",
      number         = "04",
      pages          = "P04015",
      doi            = "10.1088/1748-0221/10/04/P04015",
      eprint         = "1408.6865",
      archivePrefix  = "arXiv",
      primaryClass   = "physics.data-an",
      SLACcitation   = "%%CITATION = ARXIV:1408.6865;%%"
}

@inproceedings{Badger:2016bpw,
      author         = "Andersen, J. R. and others",
      title          = "{Les Houches 2015: Physics at TeV Colliders Standard
                        Model Working Group Report}",
      booktitle      = "{9th Les Houches Workshop on Physics at TeV Colliders
                        (PhysTeV 2015) Les Houches, France, June 1-19, 2015}",
      url            = "http://lss.fnal.gov/archive/2016/conf/fermilab-conf-16-175-ppd-t.pdf",
      year           = "2016",
      eprint         = "1605.04692",
      archivePrefix  = "arXiv",
      primaryClass   = "hep-ph",
      reportNumber   = "FERMILAB-CONF-16-175-PPD-T",
      SLACcitation   = "%%CITATION = ARXIV:1605.04692;%%"
}

@article{ATLAS:2018bsg,
      author         = "{The ATLAS Collaboration}",
      title          = "{Measurements of the Higgs boson production, fiducial and
                        differential cross sections in the $4\ell$ decay channel
                        at $\sqrt{s}$ = 13 TeV with the ATLAS detector}",
      collaboration  = "ATLAS",
      year           = "2018",
      reportNumber   = "ATLAS-CONF-2018-018",
      SLACcitation   = "%%CITATION = ATLAS-CONF-2018-018;%%"
}

@article{Aaboud:2018jqu,
      author         = "{The ATLAS Collaboration}",
      title          = "{Measurements of gluon-gluon fusion and vector-boson
                        fusion Higgs boson production cross-sections in the $H \to
                        WW^{\ast} \to e\nu\mu\nu$ decay channel in $pp$ collisions
                        at $\sqrt{s}=13$ TeV with the ATLAS detector}",
      _collaboration  = "ATLAS",
      year           = "2018",
      eprint         = "1808.09054",
      archivePrefix  = "arXiv",
      primaryClass   = "hep-ex",
      reportNumber   = "CERN-EP-2018-212",
      SLACcitation   = "%%CITATION = ARXIV:1808.09054;%%"
}

@article{LHCHiggsCrossSectionWorkingGroup:2012nn,
      author         = "David, A. and Denner, A. and Duehrssen, M. and Grazzini,
                        M. and Grojean, C. and Passarino, G. and Schumacher, M.
                        and Spira, M. and Weiglein, G. and Zanetti, M.",
      title          = "{LHC HXSWG interim recommendations to explore the
                        coupling structure of a Higgs-like particle}",
      collaboration  = "LHC Higgs Cross Section Working Group",
      year           = "2012",
      eprint         = "1209.0040",
      archivePrefix  = "arXiv",
      primaryClass   = "hep-ph",
      reportNumber   = "CERN-PH-TH-2012-284, LHCHXSWG-2012-001",
      SLACcitation   = "%%CITATION = ARXIV:1209.0040;%%"
}

@article{Heinemeyer:2013tqa,
      author         = "Andersen, J R and others",
      editor         = "Heinemeyer, S and Mariotti, C and Passarino, G and
                        Tanaka, R",
      title          = "{Handbook of LHC Higgs Cross Sections: 3. Higgs
                        Properties}",
      collaboration  = "LHC Higgs Cross Section Working Group",
      doi            = "10.5170/CERN-2013-004",
      year           = "2013",
      eprint         = "1307.1347",
      archivePrefix  = "arXiv",
      primaryClass   = "hep-ph",
      reportNumber   = "CERN-2013-004, FERMILAB-CONF-13-667-T",
      SLACcitation   = "%%CITATION = ARXIV:1307.1347;%%"
}

@article{Buchalla:2015wfa,
      author         = "Buchalla, G. and Cata, O. and Celis, A. and Krause, C.",
      title          = "{Note on Anomalous Higgs-Boson Couplings in Effective
                        Field Theory}",
      journal        = "Phys. Lett.",
      volume         = "B750",
      year           = "2015",
      pages          = "298-301",
      doi            = "10.1016/j.physletb.2015.09.027",
      eprint         = "1504.01707",
      archivePrefix  = "arXiv",
      primaryClass   = "hep-ph",
      reportNumber   = "LMU-ASC-19-15",
      SLACcitation   = "%%CITATION = ARXIV:1504.01707;%%"
}

@article{Buchalla:2015qju,
      author         = "Buchalla, G. and Cat\`a, O. and Celis, A. and Krause, C.",
      title          = "{Fitting Higgs Data with Nonlinear Effective Theory}",
      journal        = "Eur. Phys. J.",
      volume         = "C76",
      year           = "2016",
      number         = "5",
      pages          = "233",
      doi            = "10.1140/epjc/s10052-016-4086-9",
      eprint         = "1511.00988",
      archivePrefix  = "arXiv",
      primaryClass   = "hep-ph",
      Note   = "LMU-ASC-69-15",
      SLACcitation   = "%%CITATION = ARXIV:1511.00988;%%"
}

@article{Dobado:1989ax,
      author         = "Dobado, A. and Herrero, Maria J.",
      title          = "{Phenomenological Lagrangian Approach to the Symmetry
                        Breaking Sector of the Standard Model}",
      journal        = "Phys. Lett.",
      volume         = "B228",
      year           = "1989",
      pages          = "495-502",
      doi            = "10.1016/0370-2693(89)90981-7",
      reportNumber   = "CERN-TH-5424/89",
      SLACcitation   = "%%CITATION = PHLTA,B228,495;%%"
}

@article{Dobado:1989ue,
      author         = "Dobado, A. and Herrero, Maria J.",
      title          = "{Testing the Hypothesis of Strongly Interacting
                        Longitudinal Weak Bosons in Electron - Positron Collisions
                        at Tev Energies}",
      journal        = "Phys. Lett.",
      volume         = "B233",
      year           = "1989",
      pages          = "505-511",
      doi            = "10.1016/0370-2693(89)91349-X",
      reportNumber   = "CERN-TH-5518-89",
      SLACcitation   = "%%CITATION = PHLTA,B233,505;%%"
}

@article{Dobado:1990zh,
      author         = "Dobado, Antonio and Espriu, Domenec and Herrero, Maria
                        J.",
      title          = "{Chiral Lagrangians as a tool to probe the symmetry
                        breaking sector of the SM at LEP}",
      journal        = "Phys. Lett.",
      volume         = "B255",
      year           = "1991",
      pages          = "405-414",
      doi            = "10.1016/0370-2693(91)90786-P",
      reportNumber   = "CERN-TH-5785-90",
      SLACcitation   = "%%CITATION = PHLTA,B255,405;%%"
}

@article{Espriu:1991vm,
      author         = "Espriu, Domenec and Herrero, Maria J.",
      title          = "{Chiral Lagrangians and precision tests of the symmetry
                        breaking sector of the Standard Model}",
      journal        = "Nucl. Phys.",
      volume         = "B373",
      year           = "1992",
      pages          = "117-168",
      doi            = "10.1016/0550-3213(92)90452-H",
      reportNumber   = "CERN-TH-6186-91, FTUAM-26-91",
      SLACcitation   = "%%CITATION = NUPHA,B373,117;%%"
}

@article{Dobado:1990jy,
      author         = "Dobado, Antonio and Herrero, Maria J. and Terron, Juan",
      title          = "{The Role of Chiral Lagrangians in Strongly Interacting
                        $W$(l) $W$(l) Signals at $p p$ Supercolliders}",
      journal        = "Z. Phys.",
      volume         = "C50",
      year           = "1991",
      pages          = "205-220",
      doi            = "10.1007/BF01474075",
      reportNumber   = "CERN-TH-5670-90, FTUAM-08-90",
      SLACcitation   = "%%CITATION = ZEPYA,C50,205;%%"
}

@article{Herrero:1993nc,
      author         = "Herrero, Maria J. and Ruiz Morales, Ester",
      title          = "{The Electroweak chiral Lagrangian for the Standard Model
                        with a heavy Higgs}",
      journal        = "Nucl. Phys.",
      volume         = "B418",
      year           = "1994",
      pages          = "431-455",
      doi            = "10.1016/0550-3213(94)90525-8",
      eprint         = "hep-ph/9308276",
      archivePrefix  = "arXiv",
      primaryClass   = "hep-ph",
      reportNumber   = "FTUAM-93-24",
      SLACcitation   = "%%CITATION = HEP-PH/9308276;%%"
}

@article{Herrero:1994iu,
      author         = "Herrero, Maria J. and Ruiz Morales, Ester",
      title          = "{Nondecoupling effects of the SM higgs boson to one
                        loop}",
      journal        = "Nucl. Phys.",
      volume         = "B437",
      year           = "1995",
      pages          = "319-355",
      doi            = "10.1016/0550-3213(94)00589-7",
      eprint         = "hep-ph/9411207",
      archivePrefix  = "arXiv",
      primaryClass   = "hep-ph",
      reportNumber   = "FTUAM-94-11",
      SLACcitation   = "%%CITATION = HEP-PH/9411207;%%"
}

@article{Buchalla:2013eza,
      author         = "Buchalla, Gerhard and Cat\`a, Oscar and Krause, Claudius",
      title          = "{On the Power Counting in Effective Field Theories}",
      journal        = "Phys. Lett.",
      volume         = "B731",
      year           = "2014",
      pages          = "80-86",
      doi            = "10.1016/j.physletb.2014.02.015",
      eprint         = "1312.5624",
      archivePrefix  = "arXiv",
      primaryClass   = "hep-ph",
      reportNumber   = "LMU-ASC-81-13",
      SLACcitation   = "%%CITATION = ARXIV:1312.5624;%%"
}

@article{Buchalla:2013rka,
      author         = "Buchalla, Gerhard and Cat\`a, Oscar and Krause, Claudius",
      title          = "{Complete Electroweak Chiral Lagrangian with a Light
                        Higgs at NLO}",
      journal        = "Nucl. Phys.",
      volume         = "B880",
      year           = "2014",
      pages          = "552-573",
      doi            = "10.1016/j.nuclphysb.2016.09.010,
                        10.1016/j.nuclphysb.2014.01.018",
      note           = "[Erratum: Nucl. Phys.B913,475(2016)]",
      eprint         = "1307.5017",
      archivePrefix  = "arXiv",
      primaryClass   = "hep-ph",
      reportNumber   = "LMU-ASC-42-13, LMU-ASC~42-13",
      SLACcitation   = "%%CITATION = ARXIV:1307.5017;%%"
}

@article{Feruglio:1992wf,
      author         = "Feruglio, F.",
      title          = "{The Chiral approach to the electroweak interactions}",
      booktitle      = "{International Conference on Mossbauer Effect Vancouver,
                        British Columbia, Canada, September 1-3, 1993}",
      journal        = "Int. J. Mod. Phys.",
      volume         = "A8",
      year           = "1993",
      pages          = "4937-4972",
      doi            = "10.1142/S0217751X93001946",
      eprint         = "hep-ph/9301281",
      archivePrefix  = "arXiv",
      primaryClass   = "hep-ph",
      reportNumber   = "DFPD-92-TH-50",
      SLACcitation   = "%%CITATION = HEP-PH/9301281;%%"
}

@article{Bagger:1993zf,
      author         = "Bagger, J. and Barger, Vernon D. and Cheung, King-man and
                        Gunion, John F. and Han, Tao and Ladinsky, G. A. and
                        Rosenfeld, R. and Yuan, C. P.",
      title          = "{The Strongly interacting W W system: Gold plated modes}",
      journal        = "Phys. Rev.",
      volume         = "D49",
      year           = "1994",
      pages          = "1246-1264",
      doi            = "10.1103/PhysRevD.49.1246",
      eprint         = "hep-ph/9306256",
      archivePrefix  = "arXiv",
      primaryClass   = "hep-ph",
      reportNumber   = "FERMILAB-PUB-93-040-T, JHU-TIPAC-930008, MAD-PH-747,
                        MSUHEP-93-05, NUB-3060-93-TH, NUHEP-TH-93-13, UCD-93-5",
      SLACcitation   = "%%CITATION = HEP-PH/9306256;%%"
}

@article{Koulovassilopoulos:1993pw,
      author         = "Koulovassilopoulos, Vassilis and Chivukula, R. Sekhar",
      title          = "{The Phenomenology of a nonstandard Higgs boson in W(L)
                        W(L) scattering}",
      journal        = "Phys. Rev.",
      volume         = "D50",
      year           = "1994",
      pages          = "3218-3234",
      doi            = "10.1103/PhysRevD.50.3218",
      eprint         = "hep-ph/9312317",
      archivePrefix  = "arXiv",
      primaryClass   = "hep-ph",
      reportNumber   = "BUHEP-93-30",
      SLACcitation   = "%%CITATION = HEP-PH/9312317;%%"
}

@article{Burgess:1999ha,
      author         = "Burgess, C. P. and Matias, J. and Pospelov, M.",
      title          = "{A Higgs or not a Higgs? What to do if you discover a new
                        scalar particle}",
      journal        = "Int. J. Mod. Phys.",
      volume         = "A17",
      year           = "2002",
      pages          = "1841-1918",
      doi            = "10.1142/S0217751X02009813",
      eprint         = "hep-ph/9912459",
      archivePrefix  = "arXiv",
      primaryClass   = "hep-ph",
      reportNumber   = "CERN-TH-99-311, MCGILL-99-33, TPI-MINN-99-53,
                        UMN-TH-1828-99",
      SLACcitation   = "%%CITATION = HEP-PH/9912459;%%"
}

@article{Wang:2006im,
      author         = "Wang, Li-Ming and Wang, Qing",
      title          = "{Electroweak chiral Lagrangian for neutral Higgs boson}",
      journal        = "Chin. Phys. Lett.",
      volume         = "25",
      year           = "2008",
      pages          = "1984",
      doi            = "10.1088/0256-307X/25/6/017",
      eprint         = "hep-ph/0605104",
      archivePrefix  = "arXiv",
      primaryClass   = "hep-ph",
      SLACcitation   = "%%CITATION = HEP-PH/0605104;%%"
}

@article{Grinstein:2007iv,
      author         = "Grinstein, Benjamin and Trott, Michael",
      title          = "{A Higgs-Higgs bound state due to new physics at a TeV}",
      journal        = "Phys. Rev.",
      volume         = "D76",
      year           = "2007",
      pages          = "073002",
      doi            = "10.1103/PhysRevD.76.073002",
      eprint         = "0704.1505",
      archivePrefix  = "arXiv",
      primaryClass   = "hep-ph",
      reportNumber   = "UCSD-PTH-07-03",
      SLACcitation   = "%%CITATION = ARXIV:0704.1505;%%"
}

@article{Alonso:2012px,
      author         = "Alonso, R. and Gavela, M. B. and Merlo, L. and Rigolin,
                        S. and Yepes, J.",
      title          = "{The Effective Chiral Lagrangian for a Light Dynamical
                        "Higgs Particle"}",
      journal        = "Phys. Lett.",
      volume         = "B722",
      year           = "2013",
      pages          = "330-335",
      doi            = "10.1016/j.physletb.2013.04.037,
                        10.1016/j.physletb.2013.09.028",
      note           = "[Erratum: Phys. Lett.B726,926(2013)]",
      eprint         = "1212.3305",
      archivePrefix  = "arXiv",
      primaryClass   = "hep-ph",
      reportNumber   = "FTUAM-12-115, IFT-UAM-CSIC-12-113, CERN-PH-TH-2012-335,
                        DFPD-2012-TH-23",
      SLACcitation   = "%%CITATION = ARXIV:1212.3305;%%"
}

@article{Buchalla:2012qq,
      author         = "Buchalla, Gerhard and Cata, Oscar",
      title          = "{Effective Theory of a Dynamically Broken Electroweak
                        Standard Model at NLO}",
      journal        = "JHEP",
      volume         = "07",
      year           = "2012",
      pages          = "101",
      doi            = "10.1007/JHEP07(2012)101",
      eprint         = "1203.6510",
      archivePrefix  = "arXiv",
      primaryClass   = "hep-ph",
      reportNumber   = "LMU-ASC-19-12, FLAVOUR-267104-ERC-9, LMU-ASC~19-12",
      SLACcitation   = "%%CITATION = ARXIV:1203.6510;%%"
}

@article{deBlas:2018tjm,
      author         = "de Blas, Jorge and Eberhardt, Otto and Krause, Claudius",
      title          = "{Current and Future Constraints on Higgs Couplings in the
                        Nonlinear Effective Theory}",
      year           = "2018",
      eprint         = "1803.00939",
      archivePrefix  = "arXiv",
      primaryClass   = "hep-ph",
      reportNumber   = "IFIC-17-48, FTUV-18-0305, FERMILAB-PUB-18-058-T",
      SLACcitation   = "%%CITATION = ARXIV:1803.00939;%%"
}

@article{Buchalla:2017jlu,
      author         = "Buchalla, G. and Cata, O. and Celis, A. and Knecht, M.
                        and Krause, C.",
      title          = "{Complete One-Loop Renormalization of the
                        Higgs-Electroweak Chiral Lagrangian}",
      journal        = "Nucl. Phys.",
      volume         = "B928",
      year           = "2018",
      pages          = "93-106",
      doi            = "10.1016/j.nuclphysb.2018.01.009",
      eprint         = "1710.06412",
      archivePrefix  = "arXiv",
      primaryClass   = "hep-ph",
      reportNumber   = "LMU-ASC-64-17, SI-HEP-2017-22, QFET-2017-20, IFIC-17-51,
                        FTUV-17-1018, --FTUV-17-1018,  --FTUV-17-1018",
      SLACcitation   = "%%CITATION = ARXIV:1710.06412;%%"
}

@article{Buchalla:2016sop,
      author         = "Buchalla, G. and Cata, O. and Celis, A. and Krause, C.",
      title          = "{Comment on "Analysis of General Power Counting Rules in
                        Effective Field Theory"}",
      year           = "2016",
      eprint         = "1603.03062",
      archivePrefix  = "arXiv",
      primaryClass   = "hep-ph",
      reportNumber   = "LMU-ASC-10-16",
      SLACcitation   = "%%CITATION = ARXIV:1603.03062;%%"
}

@article{Azatov:2012bz,
      author         = "Azatov, Aleksandr and Contino, Roberto and Galloway,
                        Jamison",
      title          = "{Model-Independent Bounds on a Light Higgs}",
      journal        = "JHEP",
      volume         = "04",
      year           = "2012",
      pages          = "127",
      doi            = "10.1007/JHEP04(2012)127, 10.1007/JHEP04(2013)140",
      note           = "[Erratum: JHEP04,140(2013)]",
      eprint         = "1202.3415",
      archivePrefix  = "arXiv",
      primaryClass   = "hep-ph",
      SLACcitation   = "%%CITATION = ARXIV:1202.3415;%%"
}

@article{Grober:2015cwa,
      author         = "Grober, Ramona and Muhlleitner, Margarete and Spira,
                        Michael and Streicher, Juraj",
      title          = "{NLO QCD Corrections to Higgs Pair Production including
                        Dimension-6 Operators}",
      journal        = "JHEP",
      volume         = "09",
      year           = "2015",
      pages          = "092",
      doi            = "10.1007/JHEP09(2015)092",
      eprint         = "1504.06577",
      archivePrefix  = "arXiv",
      primaryClass   = "hep-ph",
      reportNumber   = "KA-TP-08-2015, PSI-PR-15-03, RM3-TH-15-5",
      SLACcitation   = "%%CITATION = ARXIV:1504.06577;%%"
}

@article{deFlorian:2016spz,
	Archiveprefix = {arXiv},
	Author = {de Florian, D. and others},
	Collaboration = {LHC Higgs Cross Section Working Group},
	Eprint = {1610.07922},
	Primaryclass = {hep-ph},
	Note = {FERMILAB-FN-1025-T},
	Slaccitation = {%%CITATION = ARXIV:1610.07922;%%},
	Title = {{Handbook of LHC Higgs Cross Sections: 4. Deciphering the Nature of the Higgs Sector}},
	Year = {2016}}

@article{Buchalla:2018yce,
      author         = "Buchalla, G. and Capozi, M. and Celis, A. and Heinrich,
                        G. and Scyboz, L.",
      title          = "{Higgs boson pair production in non-linear Effective
                        Field Theory with full $m_t$-dependence at NLO QCD}",
      year           = "2018",
      eprint         = "1806.05162",
      archivePrefix  = "arXiv",
      primaryClass   = "hep-ph",
      reportNumber   = "LMU-ASC 34/18, MPP-2018-127, LMU-ASC-34-18, MPP-2018-127",
      SLACcitation   = "%%CITATION = ARXIV:1806.05162;%%"
}

@article{Kim:2018uty,
      author         = "Kim, Jeong Han and Sakaki, Yasuhito and Son, Minho",
      title          = "{Combined analysis of double Higgs production via gluon
                        fusion at the HL-LHC in the effective field theory
                        approach}",
      year           = "2018",
      eprint         = "1801.06093",
      archivePrefix  = "arXiv",
      primaryClass   = "hep-ph",
      SLACcitation   = "%%CITATION = ARXIV:1801.06093;%%"
}

@article{Buchalla:2014eca,
      author         = "Buchalla, Gerhard and Cat\`a, Oscar and Krause, Claudius",
      title          = "{A Systematic Approach to the SILH Lagrangian}",
      journal        = "Nucl. Phys.",
      volume         = "B894",
      year           = "2015",
      pages          = "602-620",
      doi            = "10.1016/j.nuclphysb.2015.03.024",
      eprint         = "1412.6356",
      archivePrefix  = "arXiv",
      primaryClass   = "hep-ph",
      reportNumber   = "LMU-ASC-49-14, FLAVOUR(267104)-ERC-77",
      SLACcitation   = "%%CITATION = ARXIV:1412.6356;%%"
}

@article{Brivio:2017vri,
      author         = "Brivio, Ilaria and Trott, Michael",
      title          = "{The Standard Model as an Effective Field Theory}",
      year           = "2017",
      eprint         = "1706.08945",
      archivePrefix  = "arXiv",
      primaryClass   = "hep-ph",
      SLACcitation   = "%%CITATION = ARXIV:1706.08945;%%"
}

@article{Ghezzi:2015vva,
      author         = "Ghezzi, Margherita and Gomez-Ambrosio, Raquel and
                        Passarino, Giampiero and Uccirati, Sandro",
      title          = "{NLO Higgs effective field theory and κ-framework}",
      journal        = "JHEP",
      volume         = "07",
      year           = "2015",
      pages          = "175",
      doi            = "10.1007/JHEP07(2015)175",
      eprint         = "1505.03706",
      archivePrefix  = "arXiv",
      primaryClass   = "hep-ph",
      SLACcitation   = "%%CITATION = ARXIV:1505.03706;%%"
}

@article{Giudice:2007fh,
      author         = "Giudice, G. F. and Grojean, C. and Pomarol, A. and
                        Rattazzi, R.",
      title          = "{The Strongly-Interacting Light Higgs}",
      journal        = "JHEP",
      volume         = "06",
      year           = "2007",
      pages          = "045",
      doi            = "10.1088/1126-6708/2007/06/045",
      eprint         = "hep-ph/0703164",
      archivePrefix  = "arXiv",
      primaryClass   = "hep-ph",
      reportNumber   = "CERN-PH-TH-2007-47",
      SLACcitation   = "%%CITATION = HEP-PH/0703164;%%"
}

@article{Guo:2015isa,
      author         = "Guo, Feng-Kun and Ruiz-Femenía, Pedro and Sanz-Cillero,
                        Juan José",
      title          = "{One loop renormalization of the electroweak chiral
                        Lagrangian with a light Higgs boson}",
      journal        = "Phys. Rev.",
      volume         = "D92",
      year           = "2015",
      pages          = "074005",
      doi            = "10.1103/PhysRevD.92.074005",
      eprint         = "1506.04204",
      archivePrefix  = "arXiv",
      primaryClass   = "hep-ph",
      reportNumber   = "FTUAM-15-16, IFT-UAM-CSIC-15-058, TUM-HEP-997-15",
      SLACcitation   = "%%CITATION = ARXIV:1506.04204;%%"
}

@article{Alonso:2017tdy,
      author         = "Alonso, R. and Kanshin, K. and Saa, S.",
      title          = "{Renormalization group evolution of Higgs effective field
                        theory}",
      journal        = "Phys. Rev.",
      volume         = "D97",
      year           = "2018",
      number         = "3",
      pages          = "035010",
      doi            = "10.1103/PhysRevD.97.035010",
      eprint         = "1710.06848",
      archivePrefix  = "arXiv",
      primaryClass   = "hep-ph",
      reportNumber   = "CERN-TH-2017-216",
      SLACcitation   = "%%CITATION = ARXIV:1710.06848;%%"
}

% top-Yukawa
@unpublished{Aaboud:2018urx,
      author         = "Aaboud, Morad and others",
      title          = "{Observation of Higgs boson production in association
                        with a top quark pair at the LHC with the ATLAS detector}",
      collaboration  = "ATLAS",
      doi            = "10.1016/j.physletb.2018.07.035",
      year           = "2018",
      eprint         = "1806.00425",
      archivePrefix  = "arXiv",
      primaryClass   = "hep-ex",
      reportNumber   = "CERN-EP-2018-138, CERN-EP-2018-138",
      SLACcitation   = "%%CITATION = ARXIV:1806.00425;%%"
}

@article{Sirunyan:2018hoz,
      author         = "Sirunyan, Albert M and others",
      title          = "{Observation of $\mathrm{t\overline{t}}$H production}",
      collaboration  = "CMS",
      journal        = "Phys. Rev. Lett.",
      volume         = "120",
      year           = "2018",
      pages          = "231801",
      doi            = "10.1103/PhysRevLett.120.231801,
                        10.1130/PhysRevLett.120.231801",
      eprint         = "1804.02610",
      archivePrefix  = "arXiv",
      primaryClass   = "hep-ex",
      reportNumber   = "CMS-HIG-17-035, CERN-EP-2018-064, CMS-HIG-17-035,
                        CERN-EP-2018-064",
      SLACcitation   = "%%CITATION = ARXIV:1804.02610;%%"
}

@techreport{ATL-PHYS-PUB-2018-010,
      title         = "{Impact of theory uncertainties related to Higgs boson
                       production in the $H\rightarrow Z Z^{*}\rightarrow 4l$ and
                       the $t\bar{t}H$ channels with the ATLAS detector at the
                       HL-LHC}",
      institution   = "CERN",
      collaboration = "ATLAS",
      number        = "ATL-PHYS-PUB-2018-010",
      year          = "2018",
      reportNumber  = "ATL-PHYS-PUB-2018-010",
      url           = "http://cds.cern.ch/record/2630602",
}

@misc{CMS-PAS-FTR-18-011,
      title          = "PAS in preparation",
      collaboration  = "CMS",
      note           = "CMS-PAS-FTR-2018-011",
      howpublished   = ""
}

@article{Aaboud:2017jvq,
      author         = "Aaboud, Morad and others",
      title          = "{Evidence for the associated production of the Higgs
                        boson and a top quark pair with the ATLAS detector}",
      collaboration  = "ATLAS",
      journal        = "Phys. Rev.",
      volume         = "D97",
      year           = "2018",
      pages          = "072003",
      doi            = "10.1103/PhysRevD.97.072003",
      eprint         = "1712.08891",
      archivePrefix  = "arXiv",
      primaryClass   = "hep-ex",
      reportNumber   = "CERN-EP-2017-281",
      SLACcitation   = "%%CITATION = ARXIV:1712.08891;%%"
}

@misc{hepfitsite,
  Collaboration = "{\tt HEPfit}",
  author = {http://hepfit.roma1.infn.it},
  howpublished = ""
}

@misc{hepfit,
      Collaboration = "{\tt HEPfit}",
      title = "{\tt HEPfit}: a Code for the Combination of Indirect and Direct Constraints on High Energy Physics Models",
      note = "in preparation",
        howpublished = ""
}

@article{Sirunyan:2018kst,
      author         = "Sirunyan, Albert M and others",
      title          = "{Observation of Higgs boson decay to bottom quarks}",
      collaboration  = "CMS",
      journal        = "Phys. Rev. Lett.",
      volume         = "121",
      year           = "2018",
      number         = "12",
      pages          = "121801",
      doi            = "10.1103/PhysRevLett.121.121801",
      eprint         = "1808.08242",
      archivePrefix  = "arXiv",
      primaryClass   = "hep-ex",
      reportNumber   = "CMS-HIG-18-016, CERN-EP-2018-223",
      SLACcitation   = "%%CITATION = ARXIV:1808.08242;%%"
}

@article{HIG16044,
title = "{Evidence for the Higgs boson decay to a bottom quark-antiquark pair}",
collaboration  = "{CMS}",
journal = "Phys. Lett. B",
volume = "780",
pages = "501",
year = "2018",
issn = "0370-2693",
doi = "10.1016/j.physletb.2018.02.050",
eprint    = "1709.07497",
archivePrefix = "arXiv",
primaryClass  =  "hep-ex"
}

@techreport{CMS-PAS-HIG-17-005,
      title         = "{Search for production of a Higgs boson and a single top
                       quark in multilepton final states in proton collisions at
                       $\sqrt{s}=13~\mathrm{TeV}$}",
      institution   = "CERN",
      collaboration = "CMS",
      type          = "{CMS} Physics Analysis Summary",
      address       = "Geneva",
      number        = "CMS-PAS-HIG-17-005",
      year          = "2017",
      reportNumber  = "CMS-PAS-HIG-17-005",
      url           = "https://cds.cern.ch/record/2264553",
}

@techreport{CMS-PAS-HIG-18-009,
      title         = "{Search for the associated production of a Higgs boson and
                       a single top quark in pp collisions at $\sqrt{s} =
                       13\,\mathrm{TeV}$}",
      institution   = "CERN",
      collaboration = "CMS",
      type          = "{CMS} Physics Analysis Summary",
      address       = "Geneva",
      number        = "CMS-PAS-HIG-18-009",
      year          = "2018",
      reportNumber  = "CMS-PAS-HIG-18-009",
      url           = "http://cds.cern.ch/record/2628662",
}

@Article{HIG16041,
collaboration="CMS",
title="Measurements of properties of the {H}iggs boson decaying into the four-lepton final state in pp collisions at $\sqrt{s}=13$~{TeV}",
journal="JHEP",
year="2017",
volume="11",
pages="47",
doi="10.1007/JHEP11(2017)047",
eprint         = "1706.09936",
archivePrefix  = "arXiv",
primaryClass   = "hep-ex"
}

@Article{HIG16043,
collaboration="{CMS}",
title="Observation of the {H}iggs boson decay to a pair of $\tau$ leptons with the {CMS} detector",
journal="Phys. Lett. B",
year="2018",
volume="779",
pages="283",
doi="10.1016/j.physletb.2018.02.004",
eprint    = "1708.00373",
archivePrefix = "arXiv",
primaryClass  =  "hep-ex",
SLACcitation  = "%%CITATION = 1012.2367;%%"
}

@techreport{HIG-16-042,
      title         = "{Measurements of Higgs boson production and couplings using decays to a W boson pair in pp collisions at 13 TeV}",
      collaboration = "CMS",
      TYPE          = "CMS Physics Analysis Summary",
      number        = "CMS-PAS-HIG-16-042",
      year          = "2018",
      reportNumber  = "CMS-PAS-HIG-16-042",
       note  = "\textit{Submitted to Phys. Lett. B}",
}

@Article{HIG17010,
collaboration="{CMS}",
title="Inclusive search for a highly boosted {H}iggs boson decaying to a bottom quark-antiquark pair",
journal = "Phys. Rev. Lett.",
volume = "120",
pages = "071802",
year = "2018",
doi = "10.1103/PhysRevLett.120.071802",
eprint    = "1709.05543",
archivePrefix = "arXiv",
primaryClass  =  "hep-ex",
SLACcitation  = "%%CITATION = 1012.2367;%%"
}

@unpublished{bib:hig-17-026,
      author         = "Sirunyan, Albert M and others",
      title          = "{Search for $\mathrm{t\overline{t}}$H production in the
                        $\mathrm{H}\to\mathrm{b\overline{b}}$ decay channel with leptonic
                        $\mathrm{t\overline{t}}$ decays in proton-proton
                        collisions at $\sqrt{s}=13\,\mathrm{TeV}$}",
      collaboration  = "CMS",
      year           = "2018",
      eprint         = "1804.03682",
      archivePrefix  = "arXiv",
      primaryClass   = "hep-ex",
      note           = "{Submitted to \textit{JHEP}}",
      reportNumber   = "CMS-HIG-17-026, CERN-EP-2018-065, CMS-HIG-17-026,
                        CERN-EP-2018-065",
      SLACcitation   = "%%CITATION = ARXIV:1804.03682;%%"
}

@article{Sirunyan:2018ygk,
      title          = "{Search for $\mathrm{t}\overline{\mathrm{t}}$H production
                        in the all-jet final state in proton-proton collisions at
                        $\sqrt{s}=$ 13 TeV}",
      collaboration  = "CMS",
      journal        = "JHEP",
      volume         = "06",
      year           = "2018",
      pages          = "101",
      doi            = "10.1007/JHEP06(2018)101",
      eprint         = "1803.06986",
      archivePrefix  = "arXiv",
      primaryClass   = "hep-ex",
      reportNumber   = "CMS-HIG-17-022, CERN-EP-2018-038",
      SLACcitation   = "%%CITATION = ARXIV:1803.06986;%%"
}

@techreport{HIG-17-019,
      title         = "{Search for the standard model Higgs boson decaying to two muons in pp collisions at $\sqrt{s}=$ 13 TeV}",
      collaboration = "CMS",
      TYPE          = "CMS Physics Analysis Summary",
      number        = "CMS-PAS-HIG-17-019",
      year          = "2017",
      reportNumber  = "CMS-PAS-HIG-17-019",
      note  = "\textit{Submitted to Phys. Rev. Lett.}",
}

@unpublished{Sirunyan:2018koj,
      title          = "{Combined measurements of Higgs boson couplings in
                        proton-proton collisions at $\sqrt{s}=$ 13 TeV}",
      collaboration  = "CMS",
      year           = "2018",
      eprint         = "1809.10733",
      archivePrefix  = "arXiv",
      primaryClass   = "hep-ex",
      reportNumber   = "CMS-HIG-17-031, CERN-EP-2018-263",
      SLACcitation   = "%%CITATION = ARXIV:1809.10733;%%",
note =  "\emph{Submitted to Eur. Phys. J. C}"
}

@techreport{CMS_PAS_HIG_17-016,
      AUTHOR        = "{CMS Collaboration}",
      COLLABORATION = {CMS},
      TITLE         = "Search for the tH($\mathrm{H\rightarrow b\bar{b}}$) process at $\sqrt{s}$ =13 TeV and study of Higgs boson couplings",
      URL           = "http://cms.cern.ch/iCMS/analysisadmin/cadilines?line=HIG-17-016",
      TYPE          = "CMS Physics Analysis Summary",
      NUMBER        = "CMS-PAS-HIG-17-016",
      YEAR          = "2017"
}

%%%%%%%%%%%%%%%%%%%%%%%%
%%%%%%%%%%%%%%%%%%%%%%%%%
%
% These are for the PDF projections contribution
%
@article{Khalek:2018mdn,
      author         = "Khalek, Rabah Abdul and Bailey, Shaun and Gao, Jun and
                        Harland-Lang, Lucian and Rojo, Juan",
      title          = "{Towards Ultimate Parton Distributions at the
                        High-Luminosity LHC}",
      year           = "2018",
      eprint         = "1810.03639",
      archivePrefix  = "arXiv",
      primaryClass   = "hep-ph",
      reportNumber   = "Nikhef/2018-041",
      SLACcitation   = "%%CITATION = ARXIV:1810.03639;%%"
}

@article{Gao:2017yyd,
      author         = "Gao, Jun and Harland-Lang, Lucian and Rojo, Juan",
      title          = "{The Structure of the Proton in the LHC Precision Era}",
      journal        = "Phys. Rept.",
      volume         = "742",
      year           = "2018",
      pages          = "1-121",
      doi            = "10.1016/j.physrep.2018.03.002",
      eprint         = "1709.04922",
      archivePrefix  = "arXiv",
      primaryClass   = "hep-ph",
      SLACcitation   = "%%CITATION = ARXIV:1709.04922;%%"
}

@article{Butterworth:2015oua,
      author         = "Butterworth, Jon and others",
      title          = "{PDF4LHC recommendations for LHC Run II}",
      journal        = "J. Phys.",
      volume         = "G43",
      year           = "2016",
      pages          = "023001",
      doi            = "10.1088/0954-3899/43/2/023001",
      eprint         = "1510.03865",
      archivePrefix  = "arXiv",
      primaryClass   = "hep-ph",
      reportNumber   = "OUTP-15-17P, SMU-HEP-15-12, TIF-UNIMI-2015-14,
                        LCTS-2015-27, CERN-PH-TH-2015-249",
      SLACcitation   = "%%CITATION = ARXIV:1510.03865;%%"
}


@article{Rojo:2015acz,
      author         = "Rojo, Juan and others",
      title          = "{The PDF4LHC report on PDFs and LHC data: Results from
                        Run I and preparation for Run II}",
      journal        = "J. Phys.",
      volume         = "G42",
      year           = "2015",
      pages          = "103103",
      doi            = "10.1088/0954-3899/42/10/103103",
      eprint         = "1507.00556",
      archivePrefix  = "arXiv",
      primaryClass   = "hep-ph",
      reportNumber   = "OUTP-15-11P, LCTS-2015-14, GLAS-PPE-2015-01, DESY-15-088,
                        JLAB-THY-15-2064, CERN-PH-TH-2015-150",
      SLACcitation   = "%%CITATION = ARXIV:1507.00556;%%"
}

@article{Beenakker:2015rna,
      author         = "Beenakker, Wim and Borschensky, Christoph and Kramer,
                        Michael and Kulesza, Anna and Laenen, Eric and Marzani,
                        Simone and Rojo, Juan",
      title          = "{NLO+NLL squark and gluino production cross-sections with
                        threshold-improved parton distributions}",
      journal        = "Eur. Phys. J.",
      volume         = "C76",
      year           = "2016",
      number         = "2",
      pages          = "53",
      doi            = "10.1140/epjc/s10052-016-3892-4",
      eprint         = "1510.00375",
      archivePrefix  = "arXiv",
      primaryClass   = "hep-ph",
      reportNumber   = "OUTP-15-18P, MS-TP-15-16, TTK-15-26, ITP-UU-15-13,
                        NIKHEF-2015-032",
      SLACcitation   = "%%CITATION = ARXIV:1510.00375;%%"
}

@article{Ball:2017nwa,
      author         = "Ball, Richard D. and others",
      title          = "{Parton distributions from high-precision collider data}",
      collaboration  = "NNPDF",
      journal        = "Eur. Phys. J.",
      volume         = "C77",
      year           = "2017",
      number         = "10",
      pages          = "663",
      doi            = "10.1140/epjc/s10052-017-5199-5",
      eprint         = "1706.00428",
      archivePrefix  = "arXiv",
      primaryClass   = "hep-ph",
      reportNumber   = "CAVENDISH-HEP-17-06, CERN-TH-2017-077, EDINBURGH-2017-08,
                        NIKHEF-2017-006, OUTP-17-04P, TIF-UNIMI-2017-3",
      SLACcitation   = "%%CITATION = ARXIV:1706.00428;%%"
}

@article{Alekhin:2017kpj,
      author         = "Alekhin, S. and Bl{\"u}mlein, J. and Moch, S. and Placakyte,
                        R.",
      title          = "{Parton distribution functions, $\alpha_s$, and
                        heavy-quark masses for LHC Run II}",
      journal        = "Phys. Rev.",
      volume         = "D96",
      year           = "2017",
      number         = "1",
      pages          = "014011",
      doi            = "10.1103/PhysRevD.96.014011",
      eprint         = "1701.05838",
      archivePrefix  = "arXiv",
      primaryClass   = "hep-ph",
      reportNumber   = "DESY-16-179, DO-TH-16-13",
      SLACcitation   = "%%CITATION = ARXIV:1701.05838;%%"
}

@article{Czakon:2016olj,
      author         = "Czakon, Michal and Hartland, Nathan P. and Mitov,
                        Alexander and Nocera, Emanuele R. and Rojo, Juan",
      title          = "{Pinning down the large-x gluon with NNLO top-quark pair
                        differential distributions}",
      journal        = "JHEP",
      volume         = "04",
      year           = "2017",
      pages          = "044",
      doi            = "10.1007/JHEP04(2017)044",
      eprint         = "1611.08609",
      archivePrefix  = "arXiv",
      primaryClass   = "hep-ph",
      reportNumber   = "OUTP-16-15P, NIKHEF-2016-046, CAVENDISH-HEP-16-17,
                        AACHEN-TTK-16-49",
      SLACcitation   = "%%CITATION = ARXIV:1611.08609;%%"
}

@article{Campbell:2018wfu,
      author         = "Campbell, John M. and Rojo, Juan and Slade, Emma and
                        Williams, Ciaran",
      title          = "{Direct photon production and PDF fits reloaded}",
      journal        = "Eur. Phys. J.",
      volume         = "C78",
      year           = "2018",
      number         = "6",
      pages          = "470",
      doi            = "10.1140/epjc/s10052-018-5944-4",
      eprint         = "1802.03021",
      archivePrefix  = "arXiv",
      primaryClass   = "hep-ph",
      reportNumber   = "FERMILAB-PUB-18-018-T, Nikhef/2017-068, OUTP-17-16P,
                        NIKHEF-2017-068",
      SLACcitation   = "%%CITATION = ARXIV:1802.03021;%%"
}

@article{Gauld:2016kpd,
      author         = "Gauld, Rhorry and Rojo, Juan",
      title          = "{Precision determination of the small-$x$ gluon from
                        charm production at LHCb}",
      journal        = "Phys. Rev. Lett.",
      volume         = "118",
      year           = "2017",
      number         = "7",
      pages          = "072001",
      doi            = "10.1103/PhysRevLett.118.072001",
      eprint         = "1610.09373",
      archivePrefix  = "arXiv",
      primaryClass   = "hep-ph",
      reportNumber   = "NIKHEF-2016-050",
      SLACcitation   = "%%CITATION = ARXIV:1610.09373;%%"
}

@article{Gauld:2015yia,
      author         = "Gauld, Rhorry and Rojo, Juan and Rottoli, Luca and
                        Talbert, Jim",
      title          = "{Charm production in the forward region: constraints on
                        the small-x gluon and backgrounds for neutrino astronomy}",
      journal        = "JHEP",
      volume         = "11",
      year           = "2015",
      pages          = "009",
      doi            = "10.1007/JHEP11(2015)009",
      eprint         = "1506.08025",
      archivePrefix  = "arXiv",
      primaryClass   = "hep-ph",
      reportNumber   = "OUTP-15-06P, DCPT-15-32, IPPP-15-16",
      SLACcitation   = "%%CITATION = ARXIV:1506.08025;%%"
}


@article{Aaboud:2017rss,
      author         = "Aaboud, Morad and others",
      title          = "{Search for the standard model Higgs boson produced in
                        association with top quarks and decaying into a $b\bar{b}$
                        pair in $pp$ collisions at $\sqrt{s}$ = 13  TeV with
                        the ATLAS detector}",
      collaboration  = "ATLAS",
      journal        = "Phys. Rev.",
      volume         = "D97",
      year           = "2018",
      number         = "7",
      pages          = "072016",
      doi            = "10.1103/PhysRevD.97.072016",
      eprint         = "1712.08895",
      archivePrefix  = "arXiv",
      primaryClass   = "hep-ex",
      reportNumber   = "CERN-EP-2017-291",
      SLACcitation   = "%%CITATION = ARXIV:1712.08895;%%"
}

@article{Sirunyan:2018mvw,
      author         = "Sirunyan, Albert M and others",
      title          = "{Search for $\mathrm{t\overline{t}}$H production in the
                        $H\to\mathrm{b\overline{b}}$ decay channel with leptonic
                        $\mathrm{t\overline{t}}$ decays in proton-proton
                        collisions at $\sqrt{s}=$ 13 TeV}",
      collaboration  = "CMS",
      year           = "2018",
      eprint         = "1804.03682",
      archivePrefix  = "arXiv",
      primaryClass   = "hep-ex",
      reportNumber   = "CMS-HIG-17-026, CERN-EP-2018-065",
      SLACcitation   = "%%CITATION = ARXIV:1804.03682;%%",
            note  = "{Submitted to \textit{JHEP}}",
}



@techreport{ATLAS-PHYS-PUB-2018-XY,
      title         = "{to be published}",
      institution   = "CERN",
      collaboration = "ATLAS",
      address       = "Geneva",
      number        = "ATLAS-PHYS-PUB-2018-XY",
      year          = "2018",
      reportNumber  = "ATLAS-PHYS-PUB-2018-XY"
}