% -- include here the bibtex style bibliography items for your section

