@article{Ellis:2018gqa,
      author         = "Ellis, John and Murphy, Christopher W. and Sanz,
                        Ver\'{o}nica and You, Tevong",
      title          = "{Updated Global SMEFT Fit to Higgs, Diboson and
                        Electroweak Data}",
      journal        = "JHEP",
      volume         = "06",
      year           = "2018",
      pages          = "146",
      doi            = "10.1007/JHEP06(2018)146",
      eprint         = "1803.03252",
      archivePrefix  = "arXiv",
      primaryClass   = "hep-ph",
      SLACcitation   = "%%CITATION = ARXIV:1803.03252;%%"
}

@article{Grzadkowski:2010es,
      author         = "Grzadkowski, B. and Iskrzynski, M. and Misiak, M. and
                        Rosiek, J.",
      title          = "{Dimension-Six Terms in the Standard Model Lagrangian}",
      journal        = "JHEP",
      volume         = "10",
      year           = "2010",
      pages          = "085",
      doi            = "10.1007/JHEP10(2010)085",
      eprint         = "1008.4884",
      archivePrefix  = "arXiv",
      primaryClass   = "hep-ph",
      reportNumber   = "IFT-9-2010, TTP10-35",
      SLACcitation   = "%%CITATION = ARXIV:1008.4884;%%"
}

@article{Cirigliano:2009wk,
      author         = "Cirigliano, Vincenzo and Jenkins, James and
                        Gonzalez-Alonso, Martin",
      title          = "{Semileptonic decays of light quarks beyond the Standard
                        Model}",
      journal        = "Nucl. Phys.",
      volume         = "B830",
      year           = "2010",
      pages          = "95-115",
      doi            = "10.1016/j.nuclphysb.2009.12.020",
      eprint         = "0908.1754",
      archivePrefix  = "arXiv",
      primaryClass   = "hep-ph",
      reportNumber   = "FTUV-09-0720, IFIC-09-33, LA-UR-09-03949",
      SLACcitation   = "%%CITATION = ARXIV:0908.1754;%%"
}

@article{Alonso:2013hga,
      author         = "Alonso, Rodrigo and Jenkins, Elizabeth E. and Manohar,
                        Aneesh V. and Trott, Michael",
      title          = "{Renormalization Group Evolution of the Standard Model
                        Dimension Six Operators III: Gauge Coupling Dependence and
                        Phenomenology}",
      journal        = "JHEP",
      volume         = "04",
      year           = "2014",
      pages          = "159",
      doi            = "10.1007/JHEP04(2014)159",
      eprint         = "1312.2014",
      archivePrefix  = "arXiv",
      primaryClass   = "hep-ph",
      reportNumber   = "CERN-PH-TH-2013-305",
      SLACcitation   = "%%CITATION = ARXIV:1312.2014;%%"
}

@article{AguilarSaavedra:2018nen,
      author         = "Barducci, D. and others",
      editor         = "Aguilar-Saavedra, J. A. and Degrande, C. and Durieux, G.
                        and Maltoni, F. and Vryonidou, E. and Zhang, C.",
      title          = "{Interpreting top-quark LHC measurements in the
                        standard-model effective field theory}",
      year           = "2018",
      eprint         = "1802.07237",
      archivePrefix  = "arXiv",
      primaryClass   = "hep-ph",
      reportNumber   = "CERN-LPCC-2018-01",
      SLACcitation   = "%%CITATION = ARXIV:1802.07237;%%"
}

@article{Buckley:2016cfg,
      author         = "Buckley, Andy and Englert, Christoph and Ferrando, James
                        and Miller, David J. and Moore, Liam and NÃ¶rdstrom, Karl
                        and Russell, Michael and White, Chris D.",
      title          = "{Results from TopFitter}",
      booktitle      = "{Proceedings, 9th International Workshop on the CKM
                        Unitarity Triangle (CKM2016): Mumbai, India, November
                        28-December 3, 2016}",
      journal        = "PoS",
      volume         = "CKM2016",
      year           = "2016",
      pages          = "127",
      eprint         = "1612.02294",
      archivePrefix  = "arXiv",
      primaryClass   = "hep-ph",
      SLACcitation   = "%%CITATION = ARXIV:1612.02294;%%"
}

@article{Buckley:2015lku,
      author         = "Buckley, Andy and Englert, Christoph and Ferrando, James
                        and Miller, David J. and Moore, Liam and Russell, Michael
                        and White, Chris D.",
      title          = "{Constraining top quark effective theory in the LHC Run
                        II era}",
      journal        = "JHEP",
      volume         = "04",
      year           = "2016",
      pages          = "015",
      doi            = "10.1007/JHEP04(2016)015",
      eprint         = "1512.03360",
      archivePrefix  = "arXiv",
      primaryClass   = "hep-ph",
      SLACcitation   = "%%CITATION = ARXIV:1512.03360;%%"
}

@article{Berthier:2016tkq,
      author         = "Berthier, Laure and Bjorn, Mikkel and Trott, Michael",
      title          = "{Incorporating doubly resonant $W^\pm$ data in a global
                        fit of SMEFT parameters to lift flat directions}",
      journal        = "JHEP",
      volume         = "09",
      year           = "2016",
      pages          = "157",
      doi            = "10.1007/JHEP09(2016)157",
      eprint         = "1606.06693",
      archivePrefix  = "arXiv",
      primaryClass   = "hep-ph",
      SLACcitation   = "%%CITATION = ARXIV:1606.06693;%%"
}

@article{Brivio:2017vri,
      author         = "Brivio, Ilaria and Trott, Michael",
      title          = "{The Standard Model as an Effective Field Theory}",
      year           = "2017",
      eprint         = "1706.08945",
      archivePrefix  = "arXiv",
      primaryClass   = "hep-ph",
      SLACcitation   = "%%CITATION = ARXIV:1706.08945;%%"
}

@article{Brivio:2017btx,
      author         = "Brivio, Ilaria and Jiang, Yun and Trott, Michael",
      title          = "{The SMEFTsim package, theory and tools}",
      journal        = "JHEP",
      volume         = "12",
      year           = "2017",
      pages          = "070",
      doi            = "10.1007/JHEP12(2017)070",
      eprint         = "1709.06492",
      archivePrefix  = "arXiv",
      primaryClass   = "hep-ph",
      SLACcitation   = "%%CITATION = ARXIV:1709.06492;%%"
}

@article{Murphy:2017omb,
      author         = "Murphy, Christopher W.",
      title          = "{Statistical approach to Higgs boson couplings in the
                        standard model effective field theory}",
      journal        = "Phys. Rev.",
      volume         = "D97",
      year           = "2018",
      number         = "1",
      pages          = "015007",
      doi            = "10.1103/PhysRevD.97.015007",
      eprint         = "1710.02008",
      archivePrefix  = "arXiv",
      primaryClass   = "hep-ph",
      SLACcitation   = "%%CITATION = ARXIV:1710.02008;%%"
}

@misc{otto:talk,
  author    = "Eberhardt, Otto",
  title = {{Global constraints on the dimension-6 Standard Model Effective Field Theory}},
  howpublished = {\url{https://indico.cern.ch/event/686555/contributions/2970902/attachments/1681242/2701120/927_Eberhardt_Global_constraints_on_the_dim-6_SMEFT.pdf}},
}

@misc{luca:talk,
  author    = "Silvestrini, Luca",
  title = {{EW fits at HL-LHC}},
  howpublished = {\url{https://indico.cern.ch/event/686494/contributions/3037290/attachments/1669241/2677174/silvestriniHL-LHC_SM.pdf}},
}

@article{Ciuchini:2013pca,
      author         = "Ciuchini, Marco and Franco, Enrico and Mishima, Satoshi
                        and Silvestrini, Luca",
      title          = "{Electroweak Precision Observables, New Physics and the
                        Nature of a 126 GeV Higgs Boson}",
      journal        = "JHEP",
      volume         = "08",
      year           = "2013",
      pages          = "106",
      doi            = "10.1007/JHEP08(2013)106",
      eprint         = "1306.4644",
      archivePrefix  = "arXiv",
      primaryClass   = "hep-ph",
      SLACcitation   = "%%CITATION = ARXIV:1306.4644;%%"
}

@article{deBlas:2016ojx,
      author         = "de Blas, Jorge and Ciuchini, Marco and Franco, Enrico and
                        Mishima, Satoshi and Pierini, Maurizio and Reina, Laura
                        and Silvestrini, Luca",
      title          = "{Electroweak precision observables and Higgs-boson signal
                        strengths in the Standard Model and beyond: present and
                        future}",
      journal        = "JHEP",
      volume         = "12",
      year           = "2016",
      pages          = "135",
      doi            = "10.1007/JHEP12(2016)135",
      eprint         = "1608.01509",
      archivePrefix  = "arXiv",
      primaryClass   = "hep-ph",
      reportNumber   = "KEK-TH-1919",
      SLACcitation   = "%%CITATION = ARXIV:1608.01509;%%"
}

@article{ALEPH:2005ab,
      author         = "Schael, S. and others",
      title          = "{Precision electroweak measurements on the $Z$
                        resonance}",
      collaboration  = "SLD Electroweak Group, DELPHI, ALEPH, SLD, SLD Heavy
                        Flavour Group, OPAL, LEP Electroweak Working Group, L3",
      journal        = "Phys. Rept.",
      volume         = "427",
      year           = "2006",
      pages          = "257-454",
      doi            = "10.1016/j.physrep.2005.12.006",
      eprint         = "hep-ex/0509008",
      archivePrefix  = "arXiv",
      primaryClass   = "hep-ex",
      reportNumber   = "SLAC-R-774",
      SLACcitation   = "%%CITATION = HEP-EX/0509008;%%"
}

@article{Aaltonen:2013iut,
      author         = "Aaltonen, Timo Antero and others",
      title          = "{Combination of CDF and D0 $W$-Boson Mass Measurements}",
      collaboration  = "CDF, D0",
      journal        = "Phys. Rev.",
      volume         = "D88",
      year           = "2013",
      number         = "5",
      pages          = "052018",
      doi            = "10.1103/PhysRevD.88.052018",
      eprint         = "1307.7627",
      archivePrefix  = "arXiv",
      primaryClass   = "hep-ex",
      reportNumber   = "FERMILAB-PUB-13-289-E",
      SLACcitation   = "%%CITATION = ARXIV:1307.7627;%%"
}

@article{Aaboud:2017svj,
      author         = "Aaboud, Morad and others",
      title          = "{Measurement of the $W$-boson mass in pp collisions at
                        $\sqrt{s}=7$ TeV with the ATLAS detector}",
      collaboration  = "ATLAS",
      journal        = "Eur. Phys. J.",
      volume         = "C78",
      year           = "2018",
      number         = "2",
      pages          = "110",
      doi            = "10.1140/epjc/s10052-017-5475-4",
      eprint         = "1701.07240",
      archivePrefix  = "arXiv",
      primaryClass   = "hep-ex",
      reportNumber   = "CERN-EP-2016-305",
      SLACcitation   = "%%CITATION = ARXIV:1701.07240;%%"
}

@article{Hays:2290628,
      author        = "Hays, Chris and Sanz Gonzalez, Ver\'{o}nica and Zemaityte,
                       Gabija",
      title         = "{Constraining EFT parameters using simplified template
                       cross sections}",
      month         = "Oct",
      year          = "2017",
      reportNumber  = "LHCHXSWG-INT-2017-001",
      url           = "https://cds.cern.ch/record/2290628",
}


@article{Schael:2013ita,
      author         = "Schael, S. and others",
      title          = "{Electroweak Measurements in Electron-Positron Collisions
                        at W-Boson-Pair Energies at LEP}",
      collaboration  = "DELPHI, OPAL, LEP Electroweak, ALEPH, L3",
      journal        = "Phys. Rept.",
      volume         = "532",
      year           = "2013",
      pages          = "119-244",
      doi            = "10.1016/j.physrep.2013.07.004",
      eprint         = "1302.3415",
      archivePrefix  = "arXiv",
      primaryClass   = "hep-ex",
      reportNumber   = "CERN-PH-EP-2013-022",
      SLACcitation   = "%%CITATION = ARXIV:1302.3415;%%"
}

@article{Khachatryan:2016vau,
      author         = "Aad, Georges and others",
      title          = "{Measurements of the Higgs boson production and decay rates and constraints on its couplings from a combined ATLAS and CMS analysis of the LHC pp collision data at $\sqrt{s}=7 $ and 8 TeV}",
      collaboration  = "ATLAS, CMS",
      journal        = "JHEP",
      volume         = "08",
      year           = "2016",
      pages          = "045",
      doi            = "10.1007/JHEP08(2016)045",
      eprint         = "1606.02266",
      archivePrefix  = "arXiv",
      primaryClass   = "hep-ex",
      reportNumber   = "CERN-EP-2016-100, ATLAS-HIGG-2015-07, CMS-HIG-15-002",
      SLACcitation   = "%%CITATION = ARXIV:1606.02266;%%"
}

@article{Aad:2015gba,
      author         = "Aad, Georges and others",
      title          = "{Measurements of the Higgs boson production and decay
                        rates and coupling strengths using pp collision data at
                        $\sqrt{s}=7$ and 8 TeV in the ATLAS experiment}",
      collaboration  = "ATLAS",
      journal        = "Eur. Phys. J.",
      volume         = "C76",
      year           = "2016",
      number         = "1",
      pages          = "6",
      doi            = "10.1140/epjc/s10052-015-3769-y",
      eprint         = "1507.04548",
      archivePrefix  = "arXiv",
      primaryClass   = "hep-ex",
      reportNumber   = "CERN-PH-EP-2015-125",
      SLACcitation   = "%%CITATION = ARXIV:1507.04548;%%"
}

@article{Achard:2004zw,
      author         = "Achard, P. and others",
      title          = "{Measurement of the cross section of W-boson pair
                        production at LEP}",
      collaboration  = "L3",
      journal        = "Phys. Lett.",
      volume         = "B600",
      year           = "2004",
      pages          = "22-40",
      doi            = "10.1016/j.physletb.2004.08.060",
      eprint         = "hep-ex/0409016",
      archivePrefix  = "arXiv",
      primaryClass   = "hep-ex",
      reportNumber   = "CERN-PH-EP-2004-026",
      SLACcitation   = "%%CITATION = HEP-EX/0409016;%%"
}

@article{Abbiendi:2007rs,
      author         = "Abbiendi, G. and others",
      title          = "{Measurement of the e+ e- $\rightarrow$ W+ W- cross section and W
                        decay branching fractions at LEP}",
      collaboration  = "OPAL",
      journal        = "Eur. Phys. J.",
      volume         = "C52",
      year           = "2007",
      pages          = "767-785",
      doi            = "10.1140/epjc/s10052-007-0442-0",
      eprint         = "0708.1311",
      archivePrefix  = "arXiv",
      primaryClass   = "hep-ex",
      reportNumber   = "CERN-PH-EP-2007-027, OPAL-PR-424",
      SLACcitation   = "%%CITATION = ARXIV:0708.1311;%%"
}

@article{Heister:2004wr,
      author         = "Heister, A. and others",
      title          = "{Measurement of W-pair production in e+ e- collisions at
                        centre-of-mass energies from 183-GeV to 209-GeV}",
      collaboration  = "ALEPH",
      journal        = "Eur. Phys. J.",
      volume         = "C38",
      year           = "2004",
      pages          = "147-160",
      doi            = "10.1140/epjc/s2004-02048-3",
      reportNumber   = "CERN-PH-EP-2004-012",
      SLACcitation   = "%%CITATION = EPHJA,C38,147;%%"
}

@article{Aaboud:2017qkn,
      author         = "Aaboud, Morad and others",
      title          = "{Measurement of the $W^+W^-$ production cross section in
                        $pp$ collisions at a centre-of-mass energy of $\sqrt{s}$ =
                        13 TeV with the ATLAS experiment}",
      collaboration  = "ATLAS",
      journal        = "Phys. Lett.",
      volume         = "B773",
      year           = "2017",
      pages          = "354-374",
      doi            = "10.1016/j.physletb.2017.08.047",
      eprint         = "1702.04519",
      archivePrefix  = "arXiv",
      primaryClass   = "hep-ex",
      reportNumber   = "CERN-EP-2016-267",
      SLACcitation   = "%%CITATION = ARXIV:1702.04519;%%"
}

@article{Sirunyan:2018mvw,
      author         = "Sirunyan, Albert M and others",
      title          = "{Search for $\mathrm{t\overline{t}}$H production in the
                        $H\to\mathrm{b\overline{b}}$ decay channel with leptonic
                        $\mathrm{t\overline{t}}$ decays in proton-proton
                        collisions at $\sqrt{s}=$ 13 TeV}",
      journal        = "{Accepted by \textit{JHEP}}",
      collaboration  = "CMS",
      year           = "2018",
      eprint         = "1804.03682",
      archivePrefix  = "arXiv",
      primaryClass   = "hep-ex",
      reportNumber   = "CMS-HIG-17-026, CERN-EP-2018-065, CMS-HIG-17-026,
                        CERN-EP-2018-065",
      SLACcitation   = "%%CITATION = ARXIV:1804.03682;%%"
}

@article{Sirunyan:2017elk,
      author         = "Sirunyan, Albert M and others",
      title          = "{Evidence for the Higgs boson decay to a bottom
                        quark-antiquark pair}",
      collaboration  = "CMS",
      journal        = "Phys. Lett.",
      volume         = "B780",
      year           = "2018",
      pages          = "501-532",
      doi            = "10.1016/j.physletb.2018.02.050",
      eprint         = "1709.07497",
      archivePrefix  = "arXiv",
      primaryClass   = "hep-ex",
      reportNumber   = "CMS-HIG-16-044, CERN-EP-2017-233",
      SLACcitation   = "%%CITATION = ARXIV:1709.07497;%%"
}

@techreport{CMS-PAS-HIG-16-042,
      title         = "{Measurements of properties of the Higgs boson decaying to
                       a W boson pair in pp collisions at $\sqrt{s}=13~{\rm
                       TeV}$}",
      institution   = "CERN",
      collaboration = "CMS",
      address       = "Geneva",
      number        = "CMS-PAS-HIG-16-042",
      year          = "2018",
      reportNumber  = "CMS-PAS-HIG-16-042",
      url           = "http://cds.cern.ch/record/2308255",
}

@article{Sirunyan:2018shy,
      author         = "Sirunyan, Albert M and others",
      title          = "{Evidence for associated production of a Higgs boson with
                        a top quark pair in final states with electrons, muons,
                        and hadronically decaying $\tau$ leptons at $\sqrt{s} =$
                        13 TeV}",
      collaboration  = "CMS",
      year           = "2018",
      eprint         = "1803.05485",
      archivePrefix  = "arXiv",
      primaryClass   = "hep-ex",
      reportNumber   = "CMS-HIG-17-018, CERN-EP-2018-017, CMS-HIG-17-018,
                        CERN-EP-2018-017",
      SLACcitation   = "%%CITATION = ARXIV:1803.05485;%%"
}

@article{Sirunyan:2017dgc,
      author         = "Sirunyan, Albert M and others",
      title          = "{Inclusive search for a highly boosted Higgs boson
                        decaying to a bottom quark-antiquark pair}",
      collaboration  = "CMS",
      journal        = "Phys. Rev. Lett.",
      volume         = "120",
      year           = "2018",
      number         = "7",
      pages          = "071802",
      doi            = "10.1103/PhysRevLett.120.071802",
      eprint         = "1709.05543",
      archivePrefix  = "arXiv",
      primaryClass   = "hep-ex",
      reportNumber   = "CMS-HIG-17-010, CERN-EP-2017-207",
      SLACcitation   = "%%CITATION = ARXIV:1709.05543;%%"
}

@article{Sirunyan:2018ouh,
      author         = "Sirunyan, Albert M and others",
      title          = "{Measurements of Higgs boson properties in the diphoton
                        decay channel in proton-proton collisions at $\sqrt{s} =$
                        13 TeV}",
      collaboration  = "CMS",
      year           = "2018",
      eprint         = "1804.02716",
      archivePrefix  = "arXiv",
      primaryClass   = "hep-ex",
      reportNumber   = "CMS-HIG-16-040, CERN-EP-2018-060, CMS-HIG-16-040,
                        CERN-EP-2018-060",
      SLACcitation   = "%%CITATION = ARXIV:1804.02716;%%"
}

@article{Sirunyan:2017exp,
      author         = "Sirunyan, Albert M and others",
      title          = "{Measurements of properties of the Higgs boson decaying
                        into the four-lepton final state in pp collisions at $
                        \sqrt{s}=13 $ TeV}",
      collaboration  = "CMS",
      journal        = "JHEP",
      volume         = "11",
      year           = "2017",
      pages          = "047",
      doi            = "10.1007/JHEP11(2017)047",
      eprint         = "1706.09936",
      archivePrefix  = "arXiv",
      primaryClass   = "hep-ex",
      reportNumber   = "CMS-HIG-16-041, CERN-EP-2017-123",
      SLACcitation   = "%%CITATION = ARXIV:1706.09936;%%"
}

@article{Sirunyan:2017khh,
      author         = "Sirunyan, Albert M and others",
      title          = "{Observation of the Higgs boson decay to a pair of $\tau$
                        leptons with the CMS detector}",
      collaboration  = "CMS",
      journal        = "Phys. Lett.",
      volume         = "B779",
      year           = "2018",
      pages          = "283-316",
      doi            = "10.1016/j.physletb.2018.02.004",
      eprint         = "1708.00373",
      archivePrefix  = "arXiv",
      primaryClass   = "hep-ex",
      reportNumber   = "CMS-HIG-16-043, CERN-EP-2017-181",
      SLACcitation   = "%%CITATION = ARXIV:1708.00373;%%"
}

@article{Aaboud:2017ojs,
      author         = "Aaboud, Morad and others",
      title          = "{Search for the dimuon decay of the Higgs boson in $pp$
                        collisions at $\sqrt{s}$ = 13 TeV with the ATLAS
                        detector}",
      collaboration  = "ATLAS",
      journal        = "Phys. Rev. Lett.",
      volume         = "119",
      year           = "2017",
      number         = "5",
      pages          = "051802",
      doi            = "10.1103/PhysRevLett.119.051802",
      eprint         = "1705.04582",
      archivePrefix  = "arXiv",
      primaryClass   = "hep-ex",
      reportNumber   = "CERN-EP-2017-078",
      SLACcitation   = "%%CITATION = ARXIV:1705.04582;%%"
}

@article{Aaboud:2017xsd,
      author         = "Aaboud, M. and others",
      title          = "{Evidence for the $ H\to b\overline{b} $ decay with the
                        ATLAS detector}",
      collaboration  = "ATLAS",
      journal        = "JHEP",
      volume         = "12",
      year           = "2017",
      pages          = "024",
      doi            = "10.1007/JHEP12(2017)024",
      eprint         = "1708.03299",
      archivePrefix  = "arXiv",
      primaryClass   = "hep-ex",
      reportNumber   = "CERN-EP-2017-175",
      SLACcitation   = "%%CITATION = ARXIV:1708.03299;%%"
}

@article{Aaboud:2017rss,
      author         = "Aaboud, Morad and others",
      title          = "{Search for the Standard Model Higgs boson produced in
                        association with top quarks and decaying into a $b\bar{b}$
                        pair in $pp$ collisions at $\sqrt{s}$ = 13 TeV with the
                        ATLAS detector}",
      collaboration  = "ATLAS",
      year           = "2017",
      eprint         = "1712.08895",
      archivePrefix  = "arXiv",
      primaryClass   = "hep-ex",
      reportNumber   = "CERN-EP-2017-291",
      SLACcitation   = "%%CITATION = ARXIV:1712.08895;%%"
}

@article{Aaboud:2017jvq,
      author         = "Aaboud, Morad and others",
      title          = "{Evidence for the associated production of the Higgs
                        boson and a top quark pair with the ATLAS detector}",
      collaboration  = "ATLAS",
      journal        = "Phys. Rev.",
      volume         = "D97",
      year           = "2018",
      number         = "7",
      pages          = "072003",
      doi            = "10.1103/PhysRevD.97.072003",
      eprint         = "1712.08891",
      archivePrefix  = "arXiv",
      primaryClass   = "hep-ex",
      reportNumber   = "CERN-EP-2017-281",
      SLACcitation   = "%%CITATION = ARXIV:1712.08891;%%"
}

@techreport{ATLAS-CONF-2016-112,
      title         = "{Measurements of the Higgs boson production cross section
                       via Vector Boson Fusion and associated $WH$ production in
                       the $WW^{\ast} \to \ell\nu\ell\nu$ decay mode with the
                       ATLAS detector at $\sqrt{s}$ = 13 TeV}",
      institution   = "CERN",
      collaboration = "ATLAS",
      address       = "Geneva",
      number        = "ATLAS-CONF-2016-112",
      month         = "Nov",
      year          = "2016",
      reportNumber  = "ATLAS-CONF-2016-112",
      url           = "http://cds.cern.ch/record/2231811",
}

@techreport{ATLAS-CONF-2018-004,
      title         = "{Measurement of gluon fusion and vector boson fusion Higgs
                       boson production cross-sections in the $H \to WW^{*} \to
                       e\nu\mu\nu$ decay channel in pp collisions at $\sqrt{s} =
                       13$ TeV with the ATLAS detector}",
      institution   = "CERN",
      collaboration = "ATLAS",
      address       = "Geneva",
      number        = "ATLAS-CONF-2018-004",
      month         = "Mar",
      year          = "2018",
      reportNumber  = "ATLAS-CONF-2018-004",
      url           = "https://cds.cern.ch/record/2308392",
}

@techreport{ATLAS-CONF-2017-047,
      title         = "{Combined measurements of Higgs boson production and decay
                       in the $H\rightarrow ZZ^?\rightarrow4\ell$ and
                       $H\rightarrow\gamma\gamma$ channels using $\sqrt{s}=$ 13
                       TeV pp collision data collected with the ATLAS experiment}",
      institution   = "CERN",
      collaboration = "ATLAS",
      address       = "Geneva",
      number        = "ATLAS-CONF-2017-047",
      month         = "Jul",
      year          = "2017",
      reportNumber  = "ATLAS-CONF-2017-047",
      url           = "http://cds.cern.ch/record/2273854",
}

@article{Kennedy:1988sn,
      author         = "Kennedy, D. C. and Lynn, B. W.",
      title          = "{Electroweak Radiative Corrections with an Effective
                        Lagrangian: Four Fermion Processes}",
      journal        = "Nucl. Phys.",
      volume         = "B322",
      year           = "1989",
      pages          = "1-54",
      doi            = "10.1016/0550-3213(89)90483-5",
      reportNumber   = "SLAC-PUB-4039, SLAC-PUB-4039-REV",
      SLACcitation   = "%%CITATION = NUPHA,B322,1;%%"
}

@article{Golden:1990ig,
      author         = "Golden, Mitchell and Randall, Lisa",
      title          = "{Radiative Corrections to Electroweak Parameters in
                        Technicolor Theories}",
      journal        = "Nucl. Phys.",
      volume         = "B361",
      year           = "1991",
      pages          = "3-23",
      doi            = "10.1016/0550-3213(91)90614-4",
      reportNumber   = "FERMILAB-PUB-90-083-T, LBL-29050, NSF-ITP-90-82",
      SLACcitation   = "%%CITATION = NUPHA,B361,3;%%"
}

@article{Holdom:1990tc,
      author         = "Holdom, B. and Terning, J.",
      title          = "{Large corrections to electroweak parameters in
                        technicolor theories}",
      journal        = "Phys. Lett.",
      volume         = "B247",
      year           = "1990",
      pages          = "88-92",
      doi            = "10.1016/0370-2693(90)91054-F",
      reportNumber   = "NSF-ITP-90-108",
      SLACcitation   = "%%CITATION = PHLTA,B247,88;%%"
}

@article{Altarelli:1990zd,
      author         = "Altarelli, Guido and Barbieri, Riccardo",
      title          = "{Vacuum polarization effects of new physics on
                        electroweak processes}",
      journal        = "Phys. Lett.",
      volume         = "B253",
      year           = "1991",
      pages          = "161-167",
      doi            = "10.1016/0370-2693(91)91378-9",
      reportNumber   = "CERN-TH-5863-90",
      SLACcitation   = "%%CITATION = PHLTA,B253,161;%%"
}

@article{Grinstein:1991cd,
      author         = "Grinstein, Benjamin and Wise, Mark B.",
      title          = "{Operator analysis for precision electroweak physics}",
      journal        = "Phys. Lett.",
      volume         = "B265",
      year           = "1991",
      pages          = "326-334",
      doi            = "10.1016/0370-2693(91)90061-T",
      reportNumber   = "CALT-68-1720, HUTP-91-A015",
      SLACcitation   = "%%CITATION = PHLTA,B265,326;%%"
}

@article{Peskin:1991sw,
      author         = "Peskin, Michael E. and Takeuchi, Tatsu",
      title          = "{Estimation of oblique electroweak corrections}",
      journal        = "Phys. Rev.",
      volume         = "D46",
      year           = "1992",
      pages          = "381-409",
      doi            = "10.1103/PhysRevD.46.381",
      reportNumber   = "SLAC-PUB-5618",
      SLACcitation   = "%%CITATION = PHRVA,D46,381;%%"
}

@article{Ellis:2014dva,
      author         = "Ellis, John and Sanz, Ver\'{o}nica and You, Tevong",
      title          = "{Complete Higgs Sector Constraints on Dimension-6
                        Operators}",
      journal        = "JHEP",
      volume         = "07",
      year           = "2014",
      pages          = "036",
      doi            = "10.1007/JHEP07(2014)036",
      eprint         = "1404.3667",
      archivePrefix  = "arXiv",
      primaryClass   = "hep-ph",
      reportNumber   = "KCL-PH-TH-2014-15, LCTS-2014-14, CERN-PH-TH-2014-061",
      SLACcitation   = "%%CITATION = ARXIV:1404.3667;%%"
}

@article{Ellis:2014jta,
      author         = "Ellis, John and Sanz, Ver\'{o}nica and You, Tevong",
      title          = "{The Effective Standard Model after LHC Run I}",
      journal        = "JHEP",
      volume         = "03",
      year           = "2015",
      pages          = "157",
      doi            = "10.1007/JHEP03(2015)157",
      eprint         = "1410.7703",
      archivePrefix  = "arXiv",
      primaryClass   = "hep-ph",
      reportNumber   = "KCL-PH-TH-2014-41, LCTS-2014-41, CERN-PH-TH-2014-201",
      SLACcitation   = "%%CITATION = ARXIV:1410.7703;%%"
}

@misc{gilbert:talk,
  author    = "Gilbert, Andrew",
  title = {{CMS Higgs Combination Projections}},
  howpublished = {\url{https://indico.cern.ch/event/747493/contributions/3091361/attachments/1695500/2728959/CMSProjections-Shared-v1.pdf}},
}

@article{deFlorian:2016spz,
      author         = "de Florian, D. and others",
      title          = "{Handbook of LHC Higgs Cross Sections: 4. Deciphering the
                        Nature of the Higgs Sector}",
      collaboration  = "LHC Higgs Cross Section Working Group",
      doi            = "10.23731/CYRM-2017-002",
      year           = "2016",
      eprint         = "1610.07922",
      archivePrefix  = "arXiv",
      primaryClass   = "hep-ph",
      reportNumber   = "FERMILAB-FN-1025-T, CERN-2017-002-M",
      SLACcitation   = "%%CITATION = ARXIV:1610.07922;%%"
}

@article{Azatov:2017kzw,
      author         = "Azatov, A. and Elias-Miro, J. and Reyimuaji, Y. and
                        Venturini, E.",
      title          = "{Novel measurements of anomalous triple gauge couplings
                        for the LHC}",
      journal        = "JHEP",
      volume         = "10",
      year           = "2017",
      pages          = "027",
      doi            = "10.1007/JHEP10(2017)027",
      eprint         = "1707.08060",
      archivePrefix  = "arXiv",
      primaryClass   = "hep-ph",
      reportNumber   = "SISSA-35-2017-FISI",
      SLACcitation   = "%%CITATION = ARXIV:1707.08060;%%"
}

@article{Franceschini:2017xkh,
      author         = "Franceschini, Roberto and Panico, Giuliano and Pomarol,
                        Alex and Riva, Francesco and Wulzer, Andrea",
      title          = "{Electroweak Precision Tests in High-Energy Diboson
                        Processes}",
      journal        = "JHEP",
      volume         = "02",
      year           = "2018",
      pages          = "111",
      doi            = "10.1007/JHEP02(2018)111",
      eprint         = "1712.01310",
      archivePrefix  = "arXiv",
      primaryClass   = "hep-ph",
      reportNumber   = "CERN-TH-2017-252, RM3-TH-17-1",
      SLACcitation   = "%%CITATION = ARXIV:1712.01310;%%"
}

@article{Maltoni:2016yxb,
      author         = "Maltoni, Fabio and Vryonidou, Eleni and Zhang, Cen",
      title          = "{Higgs production in association with a top-antitop pair
                        in the Standard Model Effective Field Theory at NLO in
                        QCD}",
      journal        = "JHEP",
      volume         = "10",
      year           = "2016",
      pages          = "123",
      doi            = "10.1007/JHEP10(2016)123",
      eprint         = "1607.05330",
      archivePrefix  = "arXiv",
      primaryClass   = "hep-ph",
      reportNumber   = "CP3-16-39, MCNET-16-29",
      SLACcitation   = "%%CITATION = ARXIV:1607.05330;%%"
}

@article{Hartmann:2015oia,
      author         = "Hartmann, Christine and Trott, Michael",
      title          = "{On one-loop corrections in the standard model effective
                        field theory; the $\Gamma(h \rightarrow \gamma \, \gamma)$
                        case}",
      journal        = "JHEP",
      volume         = "07",
      year           = "2015",
      pages          = "151",
      doi            = "10.1007/JHEP07(2015)151",
      eprint         = "1505.02646",
      archivePrefix  = "arXiv",
      primaryClass   = "hep-ph",
      SLACcitation   = "%%CITATION = ARXIV:1505.02646;%%"
}

@article{Hartmann:2015aia,
      author         = "Hartmann, Christine and Trott, Michael",
      title          = "{Higgs Decay to Two Photons at One Loop in the Standard
                        Model Effective Field Theory}",
      journal        = "Phys. Rev. Lett.",
      volume         = "115",
      year           = "2015",
      number         = "19",
      pages          = "191801",
      doi            = "10.1103/PhysRevLett.115.191801",
      eprint         = "1507.03568",
      archivePrefix  = "arXiv",
      primaryClass   = "hep-ph",
      SLACcitation   = "%%CITATION = ARXIV:1507.03568;%%"
}

@article{Dedes:2018seb,
      author         = "Dedes, A. and Paraskevas, M. and Rosiek, J. and Suxho, K.
                        and Trifyllis, L.",
      title          = "{The decay $h\to \gamma\gamma$ in the Standard-Model
                        Effective Field Theory}",
      journal        = "JHEP",
      volume         = "08",
      year           = "2018",
      pages          = "103",
      doi            = "10.1007/JHEP08(2018)103",
      eprint         = "1805.00302",
      archivePrefix  = "arXiv",
      primaryClass   = "hep-ph",
      SLACcitation   = "%%CITATION = ARXIV:1805.00302;%%"
}

@article{Dawson:2018liq,
      author         = "Dawson, Sally and Giardino, Pier Paolo",
      title          = "{Electroweak Corrections to Higgs to $\gamma\gamma$ and
                        $W^+W^-$ in the SMEFT}",
      year           = "2018",
      eprint         = "1807.11504",
      archivePrefix  = "arXiv",
      primaryClass   = "hep-ph",
      SLACcitation   = "%%CITATION = ARXIV:1807.11504;%%"
}

@article{Banerjee:2018yxy,
      author         = "Banerjee, Shankha and Englert, Christoph and Mangano,
                        Michelangelo L. and Selvaggi, Michele and Spannowsky,
                        Michael",
      title          = "{$hh+\text{jet}$ production at 100 TeV}",
      journal        = "Eur. Phys. J.",
      volume         = "C78",
      year           = "2018",
      number         = "4",
      pages          = "322",
      doi            = "10.1140/epjc/s10052-018-5788-y",
      eprint         = "1802.01607",
      archivePrefix  = "arXiv",
      primaryClass   = "hep-ph",
      reportNumber   = "IPPP/18/10, LAPTH-034/18, CERN-TH-2018-023, IPPP-18-10,
                        LAPTH-034-18, LAPTH-003-18",
      SLACcitation   = "%%CITATION = ARXIV:1802.01607;%%"
}

@article{Goncalves:2018qas,
      author         = "Goncalves, Dorival and Han, Tao and Kling, Felix and
                        Plehn, Tilman and Takeuchi, Michihisa",
      title          = "{Higgs boson pair production at future hadron colliders:
                        From kinematics to dynamics}",
      journal        = "Phys. Rev.",
      volume         = "D97",
      year           = "2018",
      number         = "11",
      pages          = "113004",
      doi            = "10.1103/PhysRevD.97.113004",
      eprint         = "1802.04319",
      archivePrefix  = "arXiv",
      primaryClass   = "hep-ph",
      reportNumber   = "PITT-PACC-1802, UCI-TR-2018-1, IPMU-18-0028",
      SLACcitation   = "%%CITATION = ARXIV:1802.04319;%%"
}

@article{Dawson:2018dcd,
      author         = "Dawson, Sally and Englert, Christoph and Plehn, Tilman",
      title          = "{Higgs Physics: It ain't over till it's over}",
      year           = "2018",
      eprint         = "1808.01324",
      archivePrefix  = "arXiv",
      primaryClass   = "hep-ph",
      SLACcitation   = "%%CITATION = ARXIV:1808.01324;%%"
}

@article{Brivio:2017bnu,
      author         = "Brivio, Ilaria and Trott, Michael",
      title          = "{Scheming in the SMEFT... and a reparameterization
                        invariance!}",
      journal        = "JHEP",
      volume         = "07",
      year           = "2017",
      pages          = "148",
      doi            = "10.1007/JHEP05(2018)136, 10.1007/JHEP07(2017)148",
      note           = "[Addendum: JHEP05,136(2018)]",
      eprint         = "1701.06424",
      archivePrefix  = "arXiv",
      primaryClass   = "hep-ph",
      SLACcitation   = "%%CITATION = ARXIV:1701.06424;%%"
}

@article{Alves:2018nof,
      author         = "Alves, Alexandre and Rosa-Agostinho, N. and Eboli, Oscar
                        J. P. and Gonzalez--Garcia, M. C.",
      title          = "{Effect of Fermionic Operators on the Gauge Legacy of the
                        LHC Run I}",
      journal        = "Phys. Rev.",
      volume         = "D98",
      year           = "2018",
      number         = "1",
      pages          = "013006",
      doi            = "10.1103/PhysRevD.98.013006",
      eprint         = "1805.11108",
      archivePrefix  = "arXiv",
      primaryClass   = "hep-ph",
      reportNumber   = "YITP-SB-18-14",
      SLACcitation   = "%%CITATION = ARXIV:1805.11108;%%"
}

@article{deBlas:2018tjm,
      author         = "de Blas, Jorge and Eberhardt, Otto and Krause, Claudius",
      title          = "{Current and Future Constraints on Higgs Couplings in the
                        Nonlinear Effective Theory}",
      journal        = "JHEP",
      volume         = "07",
      year           = "2018",
      pages          = "048",
      doi            = "10.1007/JHEP07(2018)048",
      eprint         = "1803.00939",
      archivePrefix  = "arXiv",
      primaryClass   = "hep-ph",
      reportNumber   = "IFIC-17-48, FTUV-18-0305, FERMILAB-PUB-18-058-T",
      SLACcitation   = "%%CITATION = ARXIV:1803.00939;%%"
}


%%%%%%%%%%%%%%%%%%%%%%%%%JB81%%%%%%%%%%%%%%%%%%%%%%%%%

% HEPfit EFT fit Section references


% Universal theories

@article{Barbieri:2004qk,
      author         = "Barbieri, Riccardo and Pomarol, Alex and Rattazzi,
                        Riccardo and Strumia, Alessandro",
      title          = "{Electroweak symmetry breaking after LEP-1 and LEP-2}",
      journal        = "Nucl. Phys.",
      volume         = "B703",
      year           = "2004",
      pages          = "127-146",
      doi            = "10.1016/j.nuclphysb.2004.10.014",
      eprint         = "hep-ph/0405040",
      archivePrefix  = "arXiv",
      primaryClass   = "hep-ph",
      reportNumber   = "CERN-PH-TH-2004-075, IFUP-TH-2004-13, UAB-FT-565",
      SLACcitation   = "%%CITATION = HEP-PH/0405040;%%"
}

@article{Wells:2015uba,
      author         = "Wells, James D. and Zhang, Zhengkang",
      title          = "{Effective theories of universal theories}",
      journal        = "JHEP",
      volume         = "01",
      year           = "2016",
      pages          = "123",
      doi            = "10.1007/JHEP01(2016)123",
      eprint         = "1510.08462",
      archivePrefix  = "arXiv",
      primaryClass   = "hep-ph",
      reportNumber   = "MCTP-15-24",
      SLACcitation   = "%%CITATION = ARXIV:1510.08462;%%"
}



% LHC Higgs XSWG

@article{deFlorian:2016spz,
      author         = "de Florian, D. and others",
      title          = "{Handbook of LHC Higgs Cross Sections: 4. Deciphering the
                        Nature of the Higgs Sector}",
      collaboration  = "LHC Higgs Cross Section Working Group",
      doi            = "10.23731/CYRM-2017-002",
      year           = "2016",
      eprint         = "1610.07922",
      archivePrefix  = "arXiv",
      primaryClass   = "hep-ph",
      reportNumber   = "FERMILAB-FN-1025-T, CERN-2017-002-M",
      SLACcitation   = "%%CITATION = ARXIV:1610.07922;%%"
}



% HEPfit Refs.

@article{deBlas:2016ojx,
      author         = "de Blas, Jorge and Ciuchini, Marco and Franco, Enrico and
                        Mishima, Satoshi and Pierini, Maurizio and Reina, Laura
                        and Silvestrini, Luca",
      title          = "{Electroweak precision observables and Higgs-boson signal
                        strengths in the Standard Model and beyond: present and
                        future}",
      journal        = "JHEP",
      volume         = "12",
      year           = "2016",
      pages          = "135",
      doi            = "10.1007/JHEP12(2016)135",
      eprint         = "1608.01509",
      archivePrefix  = "arXiv",
      primaryClass   = "hep-ph",
      reportNumber   = "KEK-TH-1919",
      SLACcitation   = "%%CITATION = ARXIV:1608.01509;%%"
}

@article{deBlas:2016nqo,
      author         = "de Blas, Jorge and Ciuchini, Marco and Franco, Enrico and
                        Mishima, Satoshi and Pierini, Maurizio and Reina, Laura
                        and Silvestrini, Luca",
      title          = "{Electroweak precision constraints at present and future
                        colliders}",
      booktitle      = "{Proceedings, 38th International Conference on High
                        Energy Physics (ICHEP 2016): Chicago, IL, USA, August
                        3-10, 2016}",
      journal        = "PoS",
      volume         = "ICHEP2016",
      year           = "2017",
      pages          = "690",
      doi            = "10.22323/1.282.0690",
      eprint         = "1611.05354",
      archivePrefix  = "arXiv",
      primaryClass   = "hep-ph",
      SLACcitation   = "%%CITATION = ARXIV:1611.05354;%%"
}


@article{deBlas:2017wmn,
      author         = "de Blas, Jorge and Ciuchini, Marco and Franco, Enrico and
                        Mishima, Satoshi and Pierini, Maurizio and Reina, Laura
                        and Silvestrini, Luca",
      title          = "{The Global Electroweak and Higgs Fits in the LHC era}",
      booktitle      = "{Proceedings, 2017 European Physical Society Conference
                        on High Energy Physics (EPS-HEP 2017): Venice, Italy, July
                        5-12, 2017}",
      journal        = "PoS",
      volume         = "EPS-HEP2017",
      year           = "2017",
      pages          = "467",
      doi            = "10.22323/1.314.0467",
      eprint         = "1710.05402",
      archivePrefix  = "arXiv",
      primaryClass   = "hep-ph",
      SLACcitation   = "%%CITATION = ARXIV:1710.05402;%%"
}


%BAT
@article{Caldwell:2008fw,
      author         = "Caldwell, Allen and Kollar, Daniel and Kroninger, Kevin",
      title          = "{BAT: The Bayesian Analysis Toolkit}",
      journal        = "Comput. Phys. Commun.",
      volume         = "180",
      year           = "2009",
      pages          = "2197-2209",
      doi            = "10.1016/j.cpc.2009.06.026",
      eprint         = "0808.2552",
      archivePrefix  = "arXiv",
      primaryClass   = "physics.data-an",
      SLACcitation   = "%%CITATION = ARXIV:0808.2552;%%"
}

% HEPfit paper
@misc{hepfit:2019,
      author         = "de Blas, Jorge and Ciuchini, Marco and Franco, Enrico and
                        Mishima, Satoshi and Pierini, Maurizio
                        and Reina, Laura and Silvestrini, Luca",
      note          = "{in preparation}"
}

@misc{hepfitsite,
  note = "{\tt HEPfit} Collaboration, {\url{http://hepfit.roma1.infn.it}}"
}

% EFT bases
@article{Grzadkowski:2010es,
      author         = "Grzadkowski, B. and Iskrzynski, M. and Misiak, M. and
                        Rosiek, J.",
      title          = "{Dimension-Six Terms in the Standard Model Lagrangian}",
      journal        = "JHEP",
      volume         = "10",
      year           = "2010",
      pages          = "085",
      doi            = "10.1007/JHEP10(2010)085",
      eprint         = "1008.4884",
      archivePrefix  = "arXiv",
      primaryClass   = "hep-ph",
      reportNumber   = "IFT-9-2010, TTP10-35",
      SLACcitation   = "%%CITATION = ARXIV:1008.4884;%%"
}


% EWPO Th.

@article{Dubovyk:2016aqv,
      author         = "Dubovyk, Ievgen and Freitas, Ayres and Gluza, Janusz and
                        Riemann, Tord and Usovitsch, Johann",
      title          = "{The two-loop electroweak bosonic corrections to
                        $\sin^2{\theta^b_{eff}}$ }",
      journal        = "Phys. Lett.",
      volume         = "B762",
      year           = "2016",
      pages          = "184-189",
      doi            = "10.1016/j.physletb.2016.09.012",
      eprint         = "1607.08375",
      archivePrefix  = "arXiv",
      primaryClass   = "hep-ph",
      reportNumber   = "DESY-16-119, KW-16-002",
      SLACcitation   = "%%CITATION = ARXIV:1607.08375;%%"
}

@article{Dubovyk:2018rlg,
      author         = "Dubovyk, Ievgen and Freitas, Ayres and Gluza, Janusz and
                        Riemann, Tord and Usovitsch, Johann",
      title          = "{Complete electroweak two-loop corrections to Z boson
                        production and decay}",
      journal        = "Phys. Lett.",
      volume         = "B783",
      year           = "2018",
      pages          = "86-94",
      doi            = "10.1016/j.physletb.2018.06.037",
      eprint         = "1804.10236",
      archivePrefix  = "arXiv",
      primaryClass   = "hep-ph",
      SLACcitation   = "%%CITATION = ARXIV:1804.10236;%%"
}

%% CDS entry for WG1 YB, to be updated after arXiv submission

@techreport{Azzi:2650160,
      author        = "Azzi, Patrizia and Farry, Stephen and Nason, Paolo and
                       Tricoli, Alessandro and Zeppenfeld, Dieter",
      title         = "{Standard Model Physics at the HL-LHC and HE-LHC}",
      institution   = "CERN",
      address       = "Geneva",
      number        = "CERN-LPCC-2018-03",
      year          = "2018",
      reportNumber  = "CERN-LPCC-2018-03",
      url           = "https://cds.cern.ch/record/2650160",
}


%%%%%%%%%%%%%%%%%%%%%%%%%JB81%%%%%%%%%%%%%%%%%%%%%%%%%


%%%%%%%%% references for Higgs self-coupling %%%%%%%%%%
@article{Dawson:2018dcd,
      author         = "Dawson, Sally and Englert, Christoph and Plehn, Tilman",
      title          = "{Higgs Physics: It ain't over till it's over}",
      year           = "2018",
      eprint         = "1808.01324",
      archivePrefix  = "arXiv",
      primaryClass   = "hep-ph",
      SLACcitation   = "%%CITATION = ARXIV:1808.01324;%%"
}

@article{Baur:2003gp,
      author         = "Baur, U. and Plehn, T. and Rainwater, David L.",
      title          = "{Probing the Higgs selfcoupling at hadron colliders using
                        rare decays}",
      journal        = "Phys. Rev.",
      volume         = "D69",
      year           = "2004",
      pages          = "053004",
      doi            = "10.1103/PhysRevD.69.053004",
      eprint         = "hep-ph/0310056",
      archivePrefix  = "arXiv",
      primaryClass   = "hep-ph",
      reportNumber   = "CERN-TH-2003-186, UB-HET-03-06, DESY-03-103",
      SLACcitation   = "%%CITATION = HEP-PH/0310056;%%"
}

@article{Brivio:2017vri,
      author         = "Brivio, Ilaria and Trott, Michael",
      title          = "{The Standard Model as an Effective Field Theory}",
      year           = "2017",
      eprint         = "1706.08945",
      archivePrefix  = "arXiv",
      primaryClass   = "hep-ph",
      SLACcitation   = "%%CITATION = ARXIV:1706.08945;%%"
}

@article{Corbett:2015ksa,
      author         = "Corbett, Tyler and Eboli, Oscar J. P. and Goncalves,
                        Dorival and Gonzalez-Fraile, J. and Plehn, Tilman and
                        Rauch, Michael",
      title          = "{The Higgs Legacy of the LHC Run I}",
      journal        = "JHEP",
      volume         = "08",
      year           = "2015",
      pages          = "156",
      doi            = "10.1007/JHEP08(2015)156",
      eprint         = "1505.05516",
      archivePrefix  = "arXiv",
      primaryClass   = "hep-ph",
      reportNumber   = "IPPP-15-32, DCPT-15-64",
      SLACcitation   = "%%CITATION = ARXIV:1505.05516;%%"
}

@article{Ellis:2018gqa,
      author         = "Ellis, John and Murphy, Christopher W. and Sanz,
                        VerÃ³nica and You, Tevong",
      title          = "{Updated Global SMEFT Fit to Higgs, Diboson and
                        Electroweak Data}",
      journal        = "JHEP",
      volume         = "06",
      year           = "2018",
      pages          = "146",
      doi            = "10.1007/JHEP06(2018)146",
      eprint         = "1803.03252",
      archivePrefix  = "arXiv",
      primaryClass   = "hep-ph",
      reportNumber   = "Cavendish-HEP-2018-06, DAMTP-2018-12, KCL-PH-TH/2018-12,
                        CERN-PH-TH/2018-042, CERN-TH-2018-042",
      SLACcitation   = "%%CITATION = ARXIV:1803.03252;%%"
}


@article{Kling:2016lay,
      author         = "Kling, Felix and Plehn, Tilman and Schichtel, Peter",
      title          = "{Maximizing the significance in Higgs boson pair
                        analyses}",
      journal        = "Phys. Rev.",
      volume         = "D95",
      year           = "2017",
      number         = "3",
      pages          = "035026",
      doi            = "10.1103/PhysRevD.95.035026",
      eprint         = "1607.07441",
      archivePrefix  = "arXiv",
      primaryClass   = "hep-ph",
      reportNumber   = "FERMILAB-PUB-16-267-T, IPPP-16-72, MCNET-16-28",
      SLACcitation   = "%%CITATION = ARXIV:1607.07441;%%"
}

@article{Goncalves:2018yva,
      author         = "GonÃ§alves, Dorival and Han, Tao and Kling, Felix and
                        Plehn, Tilman and Takeuchi, Michihisa",
      title          = "{Higgs boson pair production at future hadron colliders:
                        From kinematics to dynamics}",
      journal        = "Phys. Rev.",
      volume         = "D97",
      year           = "2018",
      number         = "11",
      pages          = "113004",
      doi            = "10.1103/PhysRevD.97.113004",
      eprint         = "1802.04319",
      archivePrefix  = "arXiv",
      primaryClass   = "hep-ph",
      reportNumber   = "PITT-PACC-1802, UCI-TR-2018-1, IPMU-18-0028",
      SLACcitation   = "%%CITATION = ARXIV:1802.04319;%%"
}

@article{Homiller:2018dgu,
      author         = "Homiller, Samuel and Meade, Patrick",
      title          = "{Measurement of the Triple Higgs Coupling at a HE-LHC}",
      year           = "2018",
      eprint         = "1811.02572",
      archivePrefix  = "arXiv",
      primaryClass   = "hep-ph",
      reportNumber   = "YITP-SB-18-33",
      SLACcitation   = "%%CITATION = ARXIV:1811.02572;%%"
}


@article{Biekotter:2017gyu,
      author         = "Biek{\"o}tter, Anke and Keilbach, Fabian and Moutafis, Rhea
                        and Plehn, Tilman and Thompson, Jennifer",
      title          = "{Tagging Jets in Invisible Higgs Searches}",
      journal        = "SciPost Phys.",
      volume         = "4",
      year           = "2018",
      number         = "6",
      pages          = "035",
      doi            = "10.21468/SciPostPhys.4.6.035",
      eprint         = "1712.03973",
      archivePrefix  = "arXiv",
      primaryClass   = "hep-ph",
      SLACcitation   = "%%CITATION = ARXIV:1712.03973;%%"
}

@article{Butter:2016cvz,
      author         = "Butter, Anja and Eboli, Oscar J. P. and Gonzalez-Fraile,
                        J. and Gonzalez-Garcia, M. C. and Plehn, Tilman and Rauch,
                        Michael",
      title          = "{The Gauge-Higgs Legacy of the LHC Run I}",
      journal        = "JHEP",
      volume         = "07",
      year           = "2016",
      pages          = "152",
      doi            = "10.1007/JHEP07(2016)152",
      eprint         = "1604.03105",
      archivePrefix  = "arXiv",
      primaryClass   = "hep-ph",
      reportNumber   = "YITP-SB-16-10",
      SLACcitation   = "%%CITATION = ARXIV:1604.03105;%%"
}

@article{Alves:2018nof,
      author         = "Alves, Alexandre and Rosa-Agostinho, N. and Ãboli, Oscar
                        J. P. and Gonzalez--Garcia, M. C.",
      title          = "{Effect of Fermionic Operators on the Gauge Legacy of the
                        LHC Run I}",
      journal        = "Phys. Rev.",
      volume         = "D98",
      year           = "2018",
      number         = "1",
      pages          = "013006",
      doi            = "10.1103/PhysRevD.98.013006",
      eprint         = "1805.11108",
      archivePrefix  = "arXiv",
      primaryClass   = "hep-ph",
      reportNumber   = "YITP-SB-18-14",
      SLACcitation   = "%%CITATION = ARXIV:1805.11108;%%"
}

@article{Bizon:2016wgr,
      author         = "Bizon, Wojciech and Gorbahn, Martin and Haisch, Ulrich
                        and Zanderighi, Giulia",
      title          = "{Constraints on the trilinear Higgs coupling from vector
                        boson fusion and associated Higgs production at the LHC}",
      journal        = "JHEP",
      volume         = "07",
      year           = "2017",
      pages          = "083",
      doi            = "10.1007/JHEP07(2017)083",
      eprint         = "1610.05771",
      archivePrefix  = "arXiv",
      primaryClass   = "hep-ph",
      reportNumber   = "CERN-TH-2016-215, LTH-1104, OUTP-16-23P",
      SLACcitation   = "%%CITATION = ARXIV:1610.05771;%%"
}

@article{Maltoni:2017ims,
      author         = "Maltoni, Fabio and Pagani, Davide and Shivaji, Ambresh
                        and Zhao, Xiaoran",
      title          = "{Trilinear Higgs coupling determination via single-Higgs
                        differential measurements at the LHC}",
      journal        = "Eur. Phys. J.",
      volume         = "C77",
      year           = "2017",
      number         = "12",
      pages          = "887",
      doi            = "10.1140/epjc/s10052-017-5410-8",
      eprint         = "1709.08649",
      archivePrefix  = "arXiv",
      primaryClass   = "hep-ph",
      reportNumber   = "CP3-17-37, TUM-HEP-1099-17, MCNET-17-18",
      SLACcitation   = "%%CITATION = ARXIV:1709.08649;%%"
}

@article{DiVita:2017eyz,
      author         = "Di Vita, Stefano and Grojean, Christophe and Panico,
                        Giuliano and Riembau, Marc and Vantalon, Thibaud",
      title          = "{A global view on the Higgs self-coupling}",
      journal        = "JHEP",
      volume         = "09",
      year           = "2017",
      pages          = "069",
      doi            = "10.1007/JHEP09(2017)069",
      eprint         = "1704.01953",
      archivePrefix  = "arXiv",
      primaryClass   = "hep-ph",
      reportNumber   = "DESY-17-044",
      SLACcitation   = "%%CITATION = ARXIV:1704.01953;%%"
}

@article{Biekotter:2018rhp,
      author         = "Biek{\"o}tter, Anke and Corbett, Tyler and Plehn, Tilman",
      title          = "{The Gauge-Higgs Legacy of the LHC Run II}",
      year           = "2018",
      eprint         = "1812.07587",
      archivePrefix  = "arXiv",
      primaryClass   = "hep-ph",
      SLACcitation   = "%%CITATION = ARXIV:1812.07587;%%"
}

@article{Eboli:2000ze,
      author         = "Eboli, Oscar J. P. and Zeppenfeld, D.",
      title          = "{Observing an invisible Higgs boson}",
      journal        = "Phys. Lett.",
      volume         = "B495",
      year           = "2000",
      pages          = "147-154",
      doi            = "10.1016/S0370-2693(00)01213-2",
      eprint         = "hep-ph/0009158",
      archivePrefix  = "arXiv",
      primaryClass   = "hep-ph",
      reportNumber   = "MADPH-00-1191, IFT-P-076-2000",
      SLACcitation   = "%%CITATION = HEP-PH/0009158;%%"
}

@article{Barger:2013jfa,
      author         = "Barger, Vernon and Everett, Lisa L. and Jackson, C. B.
                        and Shaughnessy, Gabe",
      title          = "{Higgs-Pair Production and Measurement of the Triscalar
                        Coupling at LHC(8,14)}",
      journal        = "Phys. Lett.",
      volume         = "B728",
      year           = "2014",
      pages          = "433-436",
      doi            = "10.1016/j.physletb.2013.12.013",
      eprint         = "1311.2931",
      archivePrefix  = "arXiv",
      primaryClass   = "hep-ph",
      SLACcitation   = "%%CITATION = ARXIV:1311.2931;%%"
}

@article{Barr:2014sga,
      author         = "Barr, Alan J. and Dolan, Matthew J. and Englert,
                        Christoph and Ferreira de Lima, Danilo Enoque and
                        Spannowsky, Michael",
      title          = "{Higgs Self-Coupling Measurements at a 100 TeV Hadron
                        Collider}",
      journal        = "JHEP",
      volume         = "02",
      year           = "2015",
      pages          = "016",
      doi            = "10.1007/JHEP02(2015)016",
      eprint         = "1412.7154",
      archivePrefix  = "arXiv",
      primaryClass   = "hep-ph",
      reportNumber   = "IPPP-14-110, DCPT-14-220, SLAC-PUB-16194",
      SLACcitation   = "%%CITATION = ARXIV:1412.7154;%%"
}

@article{Englert:2015hrx,
      author         = "Englert, Christoph and Kogler, Roman and Schulz, Holger
                        and Spannowsky, Michael",
      title          = "{Higgs coupling measurements at the LHC}",
      journal        = "Eur. Phys. J.",
      volume         = "C76",
      year           = "2016",
      number         = "7",
      pages          = "393",
      doi            = "10.1140/epjc/s10052-016-4227-1",
      eprint         = "1511.05170",
      archivePrefix  = "arXiv",
      primaryClass   = "hep-ph",
      reportNumber   = "IPPP-15-66, DCPT-15-132",
      SLACcitation   = "%%CITATION = ARXIV:1511.05170;%%"
}

@article{Biekotter:2018jzu,
      author         = "Biek{\"o}tter, Anke and GonÃ§alves, Dorival and Plehn,
                        Tilman and Takeuchi, Michihisa and Zerwas, Dirk",
      title          = "{The Global Higgs Picture at 27 TeV}",
      year           = "2018",
      eprint         = "1811.08401",
      archivePrefix  = "arXiv",
      primaryClass   = "hep-ph",
      SLACcitation   = "%%CITATION = ARXIV:1811.08401;%%"
}
